3044 5376
770 463 1023 528 ..6ss-

351 649 491 710 animum
515 645 566 726 (et
589 643 727 705 fortasse
750 643 847 704 simut
867 643 901 703 in
922 638 1046 719 animo)
1069 641 1186 718 posita·
1232 635 1351 700 idealis
1377 642 1453 702 exi-

351 761 470 827 stentia
492 766 560 824 sive
583 760 761 823 existentia
781 759 813 820 in
836 759 1031 841 cogitatione
1054 758 1160 834 posita
1183 757 1281 835 (quae
1304 756 1383 819 ideo
1405 767 1455 821 est

351 879 468 958 realis,
500 879 575 962 quia
603 878 718 939 nititur
745 877 778 936 in
810 876 919 936 auimo
949 875 1051 954 reali)
1082 875 1158 953 quin
1189 871 1295 935 locum
1315 871 1452 953 habeat,

352 1002 384 1060 in
413 995 650 1058 dubitationem
681 993 789 1054 vocari
819 1012 950 1071 prorsus
982 1012 1044 1053 nou
1076 997 1199 1068 potest:
1231 988 1380 1070 alioquin
1413 1013 1454 1054 ne

354 1116 443 1175 notio
458 1113 586 1192 quidem
601 1119 697 1174 esset.
745 1109 843 1193 igitur
861 1109 970 1171 alteru
988 1109 1166 1171 existentia
1180 1107 1327 1186 profecto
1343 1106 1455 1172 locum

352 1229 458 1292 habet.
503 1223 617 1291 Aiter‘a
640 1236 753 1311 poteri
780 1226 909 1289 adesse:
940 1246 1044 1304 neque
1075 1201 1161 1287 enim
1191 1222 1452 1288 excluditurab
1509 1212 1510 1255 t

352 1344 456 1409 altera
478 1344 537 1408 iiia
559 1321 748 1423 existentia,
770 1364 864 1423 quam
887 1342 1090 1405 statuendam
1113 1342 1265 1419 vidimus,
1288 1344 1354 1404 nisi
1369 1349 1450 1422 tum,

353 1463 408 1527 ubi
430 1470 557 1542 praeter
587 1483 715 1525 omnem
745 1463 970 1524 necessitatem
993 1458 1072 1523 haee
1094 1458 1302 1535 soiaadesse
1324 1461 1448 1543 cogita·

353 1587 424 1643 tur:
449 1582 471 1642 i.
495 1600 524 1641 e.
542 1578 719 1642 atheismus
737 1578 898 1658 probatur.
945 1575 1069 1639 Verum
1083 1585 1190 1656 potest
1208 1579 1306 1640 etiam
1323 1577 1446 1652 deense,
1508 1578 1511 1645 i

353 1698 504 1775 quoniam
527 1703 564 1757 nt
588 1695 750 1772 vidimus,
766 1692 807 1757 ‘et
828 1703 903 1759 sunt
926 1694 1109 1774 praedicata
1130 1693 1252 1774 realia,
1283 1716 1367 1775 quae
1390 1716 1445 1757 no·
1510 1730 1511 1737 κ

312 1852 316 1859 ·
352 1816 441 1876 tione
464 1812 598 1892 perfecti
618 1810 757 1890 illibata,
776 1817 904 1896 pertint
919 1819 1044 1875 tantum
1064 1815 1185 1875 arcessi
1201 1820 1234 1875 et
1250 1814 1446 1876 existentiae

354 1939 511 1993 externae
533 1928 723 1993 attributum
748 1927 929 1991 habendum
956 1949 1027 1991 esse
1056 1930 1090 1990 in
1114 1950 1223 1992 eorum
1247 1930 1445 2009 praedicato·
1503 1914 1506 1927 ’

353 2068 445 2127 rum,
470 2068 551 2127 quae
574 2052 699 2109 tantum
718 2017 854 2128 puerunt
876 2044 1001 2121 adesse,
1025 2067 1157 2110 numero
1182 2068 1226 2109 ex
1249 2046 1301 2110 his
1323 2046 1445 2109 videtur

354 2187 529 2248 emergere.

439 2278 551 2341 Facite
569 2283 632 2343 nisi
649 2302 701 2344 ma
716 2279 820 2358 fallit,
843 2281 928 2343 inter
942 2300 1054 2343 omnes
1070 2284 1258 2359 conveniet,
1281 2285 1444 2346 notionem

355 2396 490 2477 perfecti
505 2419 544 2458 eo
559 2419 622 2460 nou
636 2399 864 2477 perfectiorem
879 2397 983 2474 reddi,
1006 2397 1088 2476 quod
1104 2420 1169 2461 non
1184 2405 1308 2461 tantum
1329 2398 1370 2461 ab
1385 2418 1443 2462 uae

354 2517 481 2594 animo,
506 2517 561 2578 sed
584 2537 604 2577 a
625 2514 756 2594 multis,
784 2523 911 2594 praeter
934 2514 982 2593 A,
1012 2517 1111 2579 etiam
1132 2536 1152 2577 a
1171 2513 1218 2593 B,
1243 2513 1288 2593 C,
1313 2514 1362 2594 D,
1385 2525 1442 2578 etc.

355 2633 525 2712 cogitatur.
570 2630 629 2695 Sin
662 2636 787 2709 minus,
816 2633 851 2694 in
879 2634 987 2711 aprico
1017 2641 1122 2712 esset,
1155 2632 1250 2697 deum
1282 2651 1346 2694 non
1378 2652 1444 2694 esee

341 2754 501 2809 »naturam
525 2749 720 2827 perfectam,
741 2753 857 2827 quippe
880 2750 936 2826 qui
957 2749 1131 2828 perfectior
1153 2763 1238 2815 esset
1258 2751 1395 2827 futurus,
1416 2751 1443 2811 si
1503 2764 1511 2867 p

355 2864 468 2928 brutae
497 2868 679 2929 animantes
703 2886 827 2946 quoque
851 2886 923 2928 eum
954 2869 1156 2947 perciperent
1179 2890 1216 2931 ac
1239 2879 1375 2931 naturae
1397 2870 1442 2930 in·
1506 2880 1510 2903 *

355 2984 517 3046 animatae
540 2982 601 3047 hae
621 2984 782 3068 cogitandi
806 2980 961 3045 facultate
984 2993 1092 3047 essent
1113 2987 1291 3064 praeditae.
1335 2986 1443 3050 Enim·
1508 2972 1509 2977 ἵ

356 3122 431 3162 vero
462 3104 523 3164 etsi
555 3103 644 3165 notio
671 3101 806 3180 perfecti
837 3099 879 3162 ab
909 3120 973 3163 uno
996 3104 1104 3165 animo
1127 3106 1280 3187 cogitati,
1313 3103 1353 3166 ab
1377 3107 1446 3187 ejus

356 3215 492 3293 perfecti
513 3218 657 3295 notione,
680 3217 800 3296 quoda
817 3220 927 3281 multia
943 3220 1077 3303 cogitari
1092 3221 1324 3299 praedicamus,
1347 3242 1446 3300 neque
1507 3206 1512 3269 i

356 3338 405 3395 est
429 3352 505 3396 vere
529 3333 658 3396 diversa
673 3328 722 3415 *)',
752 3340 849 3414 atque
871 3337 972 3398 animi
995 3337 1057 3418 ipsi
1079 3337 1214 3421 singuli,
1238 3341 1292 3417 qui
1312 3340 1446 3422 cogitari

357 3451 525 3531 dicuntur,
548 3472 625 3514 vere
646 3455 731 3516 inter
747 3472 782 3514 se
797 3458 873 3515 sunt
889 3452 1028 3527 diversi3
1052 3461 1160 3518 tamen
1175 3477 1272 3535 quum
1289 3456 1447 3520 substrata

255 3582 259 3591 ’
356 3569 577 3631 tantummodo
605 3571 675 3633 sive
703 3570 777 3652 (nec
807 3571 894 3632 enim
926 3580 977 3634 est
1006 3593 1063 3634 cur
1089 3570 1152 3635 hoc
1173 3571 1246 3636 loco
1268 3575 1446 3638 accuratius

358 3690 391 3742 et
413 3686 533 3746 anxius
554 3684 681 3771 loquar)
704 3685 776 3749 loca
790 3687 835 3773 a«)
869 3696 1048 3767 mutentur,
1077 3691 1112 3753 in
1142 3690 1257 3770 quibus
1280 3693 1369 3754 notio
1392 3688 1447 3753 iila

357 3850 564 3862 ...α’-

425 3952 454 4019 *)
472 3952 536 4004 Nam
555 3953 579 4002 iu
597 3951 682 4001 verbis
703 3953 788 4012 „notio
807 3969 823 4004 a
839 3956 931 4005 multia
947 3958 1073 4019 cogitata“
1093 3976 1167 4025 quum
1184 3950 1245 4012 insit
1263 3963 1350 4025 „notio
1371 3961 1445 4012 etium

355 4036 386 4086 ab
403 4052 454 4087 mm
473 4037 599 4099 οοςίιιιιιιιι
619 4037 762 4088 necessisse
780 4039 855 4090 debet
872 4041 967 4105 aliquid
988 4042 1018 4090 ad
1038 4051 1120 4095 notam
1141 4047 1211 4096 illam
1230 4046 1261 4096 ab
1281 4061 1331 4095 uno
1350 4047 1443 4109 cogita-

356 4126 420 4180 tum,
440 4128 466 4170 ut
483 4124 570 4186 poscit
587 4125 686 4174 inesse:
706 4124 731 4174 id
751 4125 817 4189 quud
836 4125 988 4177 luculentius
1008 4127 1082 4177 eiiam
1102 4130 1159 4179 inde
1182 4138 1293 4195 apparet,
1312 4132 1379 4196 quod
1393 4128 1443 4192 jan
1493 4144 1497 4147 ·

356 4204 442 4262 „notio
462 4204 493 4253 ab
511 4220 562 4255 mro
580 4207 715 4270 cogitata“,
736 4210 879 4275 excinditur
896 4211 1084 4275 peractionem
1104 4215 1248 4278 multorum,
1266 4217 1310 4281 qui
1329 4216 1443 4279 cogitent,

339 4286 481 4337 witam.

406 4383 452 4450 **)
471 4385 489 4433 i.
510 4401 535 4435 e.
554 4389 645 4451 nutui,
665 4388 690 4439 iu
709 4391 800 4456 quihus
818 4400 950 4445 versantur
967 4397 1040 4460 quasi
1062 4400 1167 4462 quodam
1186 4400 1259 4452 uodo
1279 4401 1404 4451 notiones.
1512 4416 1513 4421 ¹
