3044 5376
534 471 785 537 ...19-

111 642 170 705 buu
193 641 373 706 luculenter
395 642 612 726 collustratis,
643 651 688 711 ita
711 647 906 713 dubitationi
928 668 993 713 uon
1013 648 1111 718 debat
1133 676 1205 722 asse

110 755 304 838 obnoxium,
335 764 384 825 ati
414 762 697 828 fundamentorum
720 773 754 829 ct
773 767 948 849 juncturae
968 771 1133 853 ratlunss,
1167 794 1203 840 us

109 880 290 942 accuratius
321 882 501 959 pensitato,
538 877 743 962 reperiuntur
773 883 915 948 caedua.
973 881 1069 961 uaso
1095 900 1202 956 sutem

108 990 204 1079 longe
234 999 362 1080 majore
392 996 487 1081 vulgo
521 1018 594 1062 curu
626 998 822 1064 confidentia
854 1001 941 1066 dicta
974 1003 1204 1073 mathematica

106 1111 355 1193 amplectuutur,
374 1136 468 1194 quum
484 1115 621 1195 reliqua,
644 1110 679 1180 id
694 1116 801 1181 lucem
816 1134 906 1182 suam
922 1124 1118 1202 accipitet·
1134 1120 1202 1191 ma·

103 1232 180 1312 jure
201 1251 309 1293 rerum
326 1231 590 1311 exponendarum
614 1235 822 1316 simplicitate
843 1245 876 1299 et
891 1240 1022 1302 ctutius
1036 1241 1203 1309 metricas

105 1346 313 1412 absolutione
343 1328 383 1410 ab
416 1352 650 1429 antiquissimis
672 1352 747 1415 inde
769 1353 966 1433 temporibus
986 1356 1094 1421 ducta.
1135 1359 1202 1425 Nc·

64 1544 67 1547 ¹
106 1486 168 1544 que
189 1468 356 1546 quisquam
378 1466 472 1531 uobis
495 1478 638 1551 regerat,
670 1469 754 1550 quod
783 1470 824 1533 da
845 1470 944 1535 rebus
964 1473 1203 1543 machmam

107 1584 257 1646 omnibus
290 1588 392 1663 possit
424 1585 629 1665 persuaderi,
667 1586 707 1649 dc
737 1590 855 1650 ceteris
885 1591 1128 1667 quaestionibus
1164 1614 1202 1659 uc

105 1702 251 1764 maxiano
273 1698 313 1764 de
335 1704 530 1785 argumentis
554 1725 611 1783 pro
636 1704 688 1768 dcl
712 1708 891 1768 existentia
907 1704 1019 1770 allatis
1035 1729 1099 1771 noo
1113 1713 1200 1774 itan.

110 1816 273 1882 Videlicet
293 1840 344 1906 res
365 1823 411 1882 ita
434 1838 499 1882 non
521 1798 640 1884 habeta
673 1820 724 1886 Ne
753 1821 976 1884 mathematici
1008 1824 1136 1900 quidem
1159 1829 1203 1888 iis

104 1946 227 2016 queunt
243 1935 454 2017 persuadere,
478 1939 533 2015 qui
550 1937 717 2000 doctrinae
737 1956 849 2000 eorum
866 1940 932 1999 sint
945 1940 1088 2016 imperiti
1105 1946 1202 2019 atquc

104 2072 162 2131 par
179 2054 342 2117 doctrinae
364 2056 467 2133 ipsius
489 2056 784 2134 existimationem,
808 2055 1047 2134 antiquitatem,
1069 2059 1200 2120 aniver-

105 2166 271 2234 salitatem
292 2170 353 2233 boc
375 2170 494 2235 babent
512 2174 688 2252 currrmodi,
719 2181 755 2237 ut
784 2190 894 2235 eorum
916 2171 1020 2249 dictu,
1050 2176 1113 2237 etsi
1136 2197 1200 2237 uon

105 2282 349 2372 intelligantur,
378 2294 412 2353 in
442 2291 677 2354 dubitationem
705 2298 815 2355 tamen
843 2289 912 2352 lere
932 2308 1008 2384 *non
1037 2272 1200 2355 vocentur.

107 2403 144 2467 ln
167 2409 355 2485 quaestione
378 2418 485 2473 autem
509 2431 565 2488 ea,
588 2410 715 2488 dequa
737 2424 821 2471 nunc
842 2411 967 2491 agitur,
990 2426 1147 2485 quamque
1170 2412 1202 2470 in

104 2527 331 2603 quaestionum
348 2529 490 2590 omnium
508 2523 771 2590 difficillimarum
785 2540 858 2588 essa
874 2540 1006 2586 numero
1023 2521 1202 2588 babendum

106 2641 132 2702 ii
155 2640 245 2704 uallo
271 2647 402 2726 negotio
424 2616 610 2729 agnoscent,
634 2645 688 2724 qui
710 2641 764 2705 ‘vel
780 2642 887 2707 levam
905 2644 940 2705 iu
955 2644 997 2704 ibt
1013 2642 1201 2707 dirimendis

105 2774 239 2836 operam
263 2762 504 2843 posueruut*),
535 2771 568 2825 et
597 2760 691 2825 inulti
716 2763 834 2823 tuentis
857 2776 958 2838 acque
981 2769 1077 2837 atque
1099 2763 1201 2822 anistri

107 2885 221 2936 carent
249 2875 419 2954 facultate,
452 2900 513 2955 qua
544 2898 623 2955 opus
654 2884 705 2938 est
731 2877 772 2936 ed
795 2870 957 2956 ejusmodi
980 2876 1202 2951 quaestionem

108 2989 365 3068 percipiendam,
386 2991 597 3073 judicandam
620 2990 672 3053 vel
694 2989 928 3073 profligandam
952 3006 1011 3049 nec
1031 2978 1202 3051 aa'imbuti

106 3113 186 3169 suut
207 3106 383 3186 modestia,
414 3115 450 3171 ut
477 3115 685 3189 praepostera
711 3098 838 3190 judicia
860 3103 1034 3168 cohibeant
1054 3112 1111 3169 aut
1131 3106 1201 3185 upi-

108 3225 244 3286 niomrni
258 3223 311 3287 val
327 3227 426 3290 etiam
441 3225 677 3289 dubitationum
692 3226 835 3303 somnia,
859 3225 893 3285 iu
914 3221 1076 3302 publicam
1099 3220 1202 3284 lucem

110 3340 209 3402 edere
231 3338 388 3404 dubitent.

196 3434 488 3540 „Atqui'uguntur
509 3476 578 3538 res,
602 3474 685 3538 quae
706 3457 766 3521 sub
786 3464 992 3535 conspectum
1009 3472 1073 3517 uun
1089 3452 1205 3516 cadunt

105 3594 171 3637 nec
194 3572 272 3638 licet
294 3578 438 3655 omniuo,
460 3584 496 3639 ut
511 3566 728 3651 alitiano-tus
746 3576 942 3651 sexcenties,
965 3570 1006 3634 ab
1021 3569 1203 3634 istisrebus

106 3691 332 3756 concludendo
355 3693 529 3791 escendere
543 3694 584 3756 ad
598 3710 653 3756 res
669 3710 732 3757 nun
747 3689 983 3787 adspectabilctt
998 3704 1023 3752 a
1039 3696 1203 3752 bannen-

107 3802 301 3874 dentalcs.“
324 3846 363 3859 -
397 3811 531 3876 Scilicet
559 3808 641 3875 uiuit
672 3810 786 3892 plane,
818 3813 846 3873 si
878 3826 987 3872 verum
1010 3807 1203 3884 quaerimus,

107 3930 317 4009 immediate,
337 3938 374 3994 at
395 3933 442 3995 ita
464 3930 586 4009 duam,
611 3931 822 4010 percipimus,
843 3927 899 3989 ael
916 3946 973 4005 per
987 3923 1090 3985 smmi
1104 3924 1205 3982 nocui

181 4231 210 4305 *)
230 4234 264 4285 ci.
282 4233 367 4286 usco.
386 4237 405 4285 l.
418 4252 441 4286 c.
459 4252 483 4301 p.
497 4226 556 4288 251.
576 4233 651 4296 „ch
663 4230 799 4284 Problemc
816 4222 877 4295 (der
892 4219 1203 4293 neltptmspltlasaplte)
1309 4228 1312 4233 “

110 4316 175 4373 aiod
191 4321 234 4372 dle
251 4318 413 4385 wicbtiqcteu
429 4320 479 4371 wie
496 4321 538 4371 dic
554 4312 757 4383 cunctatorem,
776 4310 871 4365 welche
887 4313 931 4364 die
941 4317 1028 4378 pmszc
1039 4303 1207 4371 Philosophia

111 4407 295 4472 fistulam
312 4404 394 4456 w
429 4405 582 4472 Quintiani
599 4412 666 4455 tutus
688 4401 938 4463 locusticum,
956 4398 1000 4463 qui
1017 4395 1127 4458 lenta«

951 4498 1000 4561 2*
