3044 5376
703 1154 1039 1265 caputl.

327 1351 481 1433 Novum
508 1348 716 1446 exponitur
736 1368 807 1442 pro
830 1343 894 1417 dai
914 1345 1121 1421 existentia
1144 1355 1427 1436 argumentum.

646 1577 1104 1647 suceessorum

414 1720 523 1797 Quum
551 1740 649 1800 supra
676 1738 742 1785 uon
770 1714 1026 1781 dubitaverimus
1055 1715 1244 1795 promittere
1265 1713 1355 1794 iore,
1384 1700 1425 1780 ut

330 1842 385 1903 ria
406 1838 680 1917 demonstrativa,
714 1856 797 1915 quaa
817 1834 955 1913 dieitur,
986 1853 1058 1896 asso
1079 1831 1175 1895 deum
1197 1827 1422 1897 conficiamus:

330 1980 372 2022 uo
400 1958 577 2039 disputatio
607 1964 719 2023 uostn
747 1961 845 2018 extra
873 1956 984 2036 justae
1011 1950 1241 2030 disputationis
1261 1946 1415 2012 marolles

330 2076 442 2160 vagari
465 2074 631 2154 rideatur,
653 2076 740 2139 viam
762 2072 963 2154 designaturi
981 2089 1110 2146 sunus,
1134 2087 1229 2146 quam
1245 2064 1367 2149 ingredi
1384 2066 1422 2128 iu

333 2201 442 2265 monto
463 2190 629 2255 habemus.
1018 2172 1022 2177 ’

419 2307 536 2372 Omnis
548 2311 787 2392 argumentatio
799 2305 1022 2395 proficiscatur
1038 2325 1170 2369 naossm
1184 2310 1246 2381 est,
1263 2302 1307 2367 ab
1324 2322 1427 2367 enun-

333 2429 414 2491 tiato
437 2426 574 2507 quodam
598 2433 655 2490 aut
676 2426 865 2490 immediata
885 2431 942 2491 aut
962 2422 1105 2489 mediata
1126 2422 1327 2486 conscicntia
1349 2440 1427 2483 con·

333 2564 426 2606 cesso
446 2545 656 2626 omnibusque
678 2545 833 2627 probato,
857 2545 909 2607 cui
931 2540 1078 2622 probatio
1099 2542 1171 2619 ipsa
1190 2544 1431 2617 superstruatur

334 2669 431 2740 atque
454 2664 500 2724 ita
525 2662 664 2742 quidem,
687 2673 724 2728 ut
739 2664 953 2747 cogitatorum
972 2659 1205 2738 compositione
1222 2655 1358 2737 quadam
1374 2663 1432 2719 aut

335 2784 452 2861 negata
468 2785 524 2841 aut
538 2800 702 2862 concessa,
724 2780 939 2863 repugnantia
954 2798 1026 2840 cum
1044 2779 1211 2841 enuntiato
1221 2778 1293 2857 jam
1312 2772 1430 2836 effecto

335 2893 509 2960 oboriatur.
555 2895 756 2978 Quapropter
777 2897 833 2961 ubi
855 2895 1043 2979 hujusmodi
1067 2895 1281 2979 repugnantia
1308 2894 1432 2970 reperi-

336 3021 408 3093 tur,
442 3024 634 3093 provocatur
664 3019 792 3081 animus
822 3016 862 3079 ad
892 3013 1033 3094 aliquam
1061 3034 1129 3077 rem
1160 3009 1433 3095 investigandam,

337 3150 400 3207 qua
419 3136 631 3214 repugnantia
651 3132 802 3198 tollatur:
825 3156 907 3212 quac
930 3132 1059 3211 quidem
1081 3151 1134 3193 res
1153 3129 1295 3194 abieoto
1311 3127 1434 3192 discre-

336 3248 466 3325 pantiae
486 3248 702 3312 removendae
724 3258 774 3313 est
796 3258 891 3330 apta,
914 3247 1026 3312 eadem
1049 3250 1242 3311 necessitate
1265 3254 1315 3310 cst
1331 3267 1435 3330 agno·

337 3364 458 3428 soonda
487 3372 583 3447 atque
614 3370 816 3432 enuntiatum
845 3369 969 3448 ipsum,
1000 3387 1020 3428 a
1049 3385 1111 3446 quo
1140 3365 1274 3446 proiecti
1304 3384 1436 3428 eramus

338 3483 484 3563 quodque
506 3505 578 3549 cum
601 3507 679 3550 vero
705 3489 782 3566 quin
804 3484 1035 3565 concordaret,
1065 3482 1259 3547 dubitationi
1282 3505 1347 3546 non
1370 3482 1438 3546 fuit

338 3597 530 3666 obnoxium.
581 3602 807 3688 Progredietur
836 3608 935 3689 igitur
965 3611 1075 3667 nostra
1102 3622 1226 3682 quoque
1258 3601 1437 3681 disputatio

340 3716 405 3794 sic,
435 3725 471 3780 ut
491 3720 629 3797 primum
651 3726 854 3787 enuntiatum
877 3727 999 3784 certum
1023 3720 1181 3800 quoddam
1205 3716 1437 3797 exhibeamus,
1499 3748 1500 3803 }

340 3832 423 3914 quod
446 3855 558 3901 omnes
580 3842 792 3921 nonpossint
813 3861 877 3903 nou
900 3839 1091 3903 concedere:
1123 3837 1239 3901 deinde
1263 3835 1439 3900 enucleare

339 3954 543 4034 studeamus,
575 3955 607 4021 id
636 3960 742 4040 ipsum
770 3956 842 4022 tolli
864 3958 917 4022 dei
940 3960 1119 4023 existentia
1139 3976 1204 4019 aon
1224 3975 1377 4019 concessa
1407 3964 1441 4019 ot

339 4072 461 4138 exindo
484 4073 711 4141 concludamus
733 4079 946 4142 necessariam
965 4096 1038 4139 ossa
1057 4074 1110 4138 dei
1126 4076 1324 4138 existentiae
1341 4075 1441 4157 agni·

340 4190 473 4254 tionem.
516 4194 590 4259 Erit
618 4215 695 4280 ergo
724 4195 931 4258 ratiocinatio
961 4199 1071 4256 naama
1100 4195 1276 4278 apagogica
1295 4191 1440 4271 ideoque

340 4303 436 4368 modo
458 4312 589 4374 omnino
610 4319 698 4377 recte
719 4333 754 4375 se
777 4309 906 4390 habeat,
930 4309 1193 4375 demonstrativa.
1216 4350 1253 4358 —
1277 4309 1343 4373 Sed
1358 4329 1441 4373 cou-

341 4424 498 4488 vertimus
519 4446 579 4489 nos
602 4428 641 4490 ad
663 4449 731 4492 rem
753 4431 867 4508 ipsam.
