3044 5376
523 493 773 557 ...53-

95 670 236 741 possunt
259 662 397 747 intelligi
423 685 485 727 non
510 686 600 738 esse3
632 670 740 729 omnia
773 680 879 730 tamen
901 676 1034 747 possunt
1058 672 1193 753 cogitari

94 802 163 843 non
188 799 259 841 esse
270 788 410 862 praeter
427 782 474 858 c'd,
500 783 582 861 quod
603 805 726 846 summe
743 789 816 847 est“
839 792 871 847 et
892 784 1025 868 (ibidem
1045 808 1112 866 cap.
1130 785 1190 850 lx.

95 896 200 977 med.)
232 899 408 977 „quisquis
439 908 534 982 negat
561 899 684 979 aliquid
715 921 805 981 esse,
835 923 896 982 quo
926 903 1032 983 majus
1055 910 1192 983 nequeat

94 1016 233 1096 cogitari
258 1015 293 1093 (i.
309 1037 334 1075 a.
361 1019 411 1095 cui
437 1020 619 1079 necessario
642 1021 793 1080 convenit
816 1025 892 1080 nota
915 1019 1095 1097 exstandi),
1116 1018 1189 1081 ubi·

93 1154 158 1213 que
187 1129 342 1214 intelligit
372 1141 404 1195 et
434 1136 554 1217 cogitat
584 1138 786 1218 negationem
817 1133 906 1217 (sive
934 1133 1190 1215 dubitationem)

92 1271 192 1331 quam
220 1249 315 1328 tacit,
346 1290 383 1301 -
414 1274 487 1331 pars
517 1260 624 1315 autern
654 1255 701 1314 rei
729 1261 864 1336 negatae
895 1260 963 1330 est,
994 1273 1056 1335 pun
1085 1254 1190 1334 trojus

92 1374 246 1451 cogitari
268 1387 331 1429 non
351 1375 471 1451 potent.
508 1367 707 1454 «Quicunque
729 1376 838 1456 igitur
859 1370 919 1431 doc
940 1379 1060 1455 negot,
1091 1368 1188 1432 intel-

90 1484 170 1568 ligit
193 1493 225 1547 et
247 1487 382 1568 cogitat,
411 1507 473 1566 quo
504 1491 610 1570 majus
632 1490 767 1570 cogitari
791 1490 931 1567 nequit“
955 1489 975 1549 i.
999 1511 1024 1549 e.
1050 1488 1082 1549 id
1106 1489 1187 1566 quod

91 1604 279 1665 necessario
295 1610 414 1666 exstat.
445 1603 648 1685 Quapropter
663 1607 710 1668 uti
725 1607 868 1683 ineptum
885 1610 945 1682 est,
961 1625 1076 1684 corpus
1093 1606 1188 1687 (quae

92 1721 241 1798 corporis
260 1727 309 1782 est
325 1722 428 1803 notio)
451 1745 521 1786 esse
545 1730 717 1785 extensum
741 1742 878 1805 negare,
902 1724 948 1784 ita
968 1723 1025 1804 (ex
1041 1721 1188 1787 Anselmi

90 1838 269 1918 sententia)
293 1838 385 1902 deum
407 1862 471 1903 nou
495 1862 565 1903 esse
589 1841 682 1920 (quae
704 1839 756 1899 dai
777 1846 826 1900 est
849 1841 949 1920 notio)
973 1842 1117 1918 ineptum
1140 1850 1189 1905 est

86 1954 273 2037 judicium,
305 1961 421 2038 quippe
452 1961 532 2038 quod
563 1959 775 2038 repugnantia
803 1955 929 2017 laboret
959 1957 1095 2016 interna.
1140 1954 1188 2019 Ac

89 2093 210 2134 revera
234 2073 316 2152 quod
338 2073 492 2139 Knurrus
516 2076 552 2159 (Ι.
575 2099 600 2138 c.
626 2100 656 2155 p.
676 2075 765 2156 625.)
790 2075 933 2153 quaerit:
956 2073 1094 2151 „diores
1110 2072 1189 2136 oder

83 2193 190 2271 jener
211 2188 327 2275 Dtng,
359 2194 507 2275 (welches
535 2193 703 2281 iclinldeclc
725 2196 775 2257 nlo
797 2190 986 2277 mo‘gliclt(l)
1009 2196 1188 2268 cinctione,

90 2329 129 2371 er
153 2329 229 2394 mog
250 2316 338 2389 rein,
361 2310 496 2375 welches
513 2313 666 2393 carnello)
690 2318 766 2375 exe·
772 2318 834 2377 rte·
841 2320 899 2389 rt,
923 2316 966 2373 iet
981 2304 1188 2371 diecesani

91 2432 153 2489 ein
175 2426 397 2508 orrnlptc‘seler
419 2428 498 2491 oder
520 2428 834 2512 rprttdetircller?“:
856 2421 938 2506 quod
964 2423 1094 2505 „dieses
1110 2423 1188 2487 oder

82 2548 187 2626 jener
208 2543 335 2630 Dc‘ng“
358 2549 502 2625 scripsit,
527 2546 582 2609 ubi
605 2545 761 2609 Anselmo
783 2548 903 2609 diserte
922 2547 1090 2620 innitente,
1122 2561 1188 2603 nnc

5 2718 12 2729 .
92 2663 169 2724 dei
188 2668 279 2726 notio
300 2664 335 2726 in
357 2684 485 2728 censum
510 2668 617 2729 venit:
649 2665 731 2745 quod
764 2663 815 2729 vel
838 2664 993 2744 temporis
1015 2658 1187 2724 articulum

93 2781 245 2861 dubitare
267 2792 408 2862 poterat,
439 2805 513 2847 num
538 2783 685 2846 Anselmi
709 2787 870 2847 sententia
898 2790 984 2845 esset
1007 2779 1187 2860 analytica:

92 2900 181 2979 quod
201 2898 338 2973 denique
351 2899 510 2977 judicium
527 2898 745 2976 syntheticum
762 2900 988 2973 coricedentem
1004 2896 1189 2960 introduxit

3 3060 5 3085 ,
92 3013 286 3076 Auselmum
311 3015 381 3073 sive
403 3032 475 3089 eos,
506 3013 558 3090 qui
583 3010 623 3073 ab
650 3013 723 3092 ejus
747 3021 838 3089 parte
862 3020 947 3073 stent
970 3030 1011 3092 pp.
1036 3013 1123 3089 626.)
1148 3050 1186 3059 -

94 3131 178 3193 baec
201 3132 307 3191 omnia
330 3127 584 3191 luculentissime
602 3127 799 3209 ostendunt,
823 3151 895 3191 enm
911 3132 945 3191 in
961 3128 1012 3191 his
1028 3127 1186 3210 objectio-

95 3248 193 3312 nibus
216 3247 449 3328 proponendis,
472 3248 651 3332 argumenti
673 3247 848 3331 ontologici
869 3266 997 3326 prorsus
1012 3247 1112 3309 fuisse
1128 3248 1187 3307 im-

57 3408 60 3413 -
95 3384 271 3428 memorem
303 3369 324 3424 i.
349 3386 376 3431 e,
406 3373 482 3425 aera
504 3365 704 3428 verberasse.
750 3364 909 3429 Nimirum
934 3364 1088 3428 Knurrua
1112 3361 1188 3423 inde
1270 3401 1280 3417 „

96 3483 139 3544 ab
170 3481 227 3543 illo
258 3488 402 3560 tempore
440 3485 549 3545 amisit
587 3505 695 3545 veram
726 3458 974 3566 intelligentiam
1008 3479 1189 3563 argumenti

95 3596 293 3681 ontologici‚
323 3619 384 3677 quo
416 3601 460 3680 (p.
482 3602 572 3679 624.)
595 3599 746 3683 progredi
768 3601 800 3662 id
823 3600 977 3663 censebat
998 3598 1039 3662 ab
1060 3599 1188 3660 interna

94 3715 331 3796 possibilitate,
355 3737 451 3796 quum
476 3718 597 3779 nitatur
618 3718 651 3778 in
673 3718 807 3789 interna,
821 3719 955 3799 quadem
978 3720 1187 3781 necomitate.
1217 3795 1221 3801 ι

95 3831 205 3907 Quum
229 3835 327 3916 igitur
349 3837 520 3914 sententia,
540 3855 636 3915 quam
649 3832 791 3900 Kantius
805 3839 979 3921 impugnat,
1004 3841 1072 3896 toto
1095 3827 1187 3894 coelo

95 3952 143 4014 sit
163 3951 291 4013 diversa
313 3951 353 4015 ab
369 3974 418 4031 ea,
442 3973 535 4031 quam
554 3950 904 4035 Anselmusproposuit
919 3963 951 4016 et
968 3948 1188 4023 deleusitnrit,

96 4071 219 4151 negotii
244 4070 326 4149 quod
350 4069 488 4133 Kuutius
510 4069 665 4133 Anselmo
685 4071 838 4150 ¹facessat,
860 4069 1022 4148 hucusque
1041 4085 1100 4127 nec
1115 4061 1190 4125 vola

95 4209 158 4250 nec
181 4189 352 4271 vestigium
376 4196 495 4251 exstat.
542 4186 703 4265 „Atenirn
729 4198 878 4251 extrema
901 4182 1188 4267 argumentationis

99 4314 192 4386 parte
216 4308 474 4383 „existentiam“
498 4327 561 4368 non
585 4328 655 4369 esse
678 4306 896 4387 praedicatum
912 4301 1000 4366 reale
1016 4301 1085 4385 (sed
1101 4319 1188 4362 mere

99 4421 260 4507 logicum)
292 4423 543 4488 existimandum
576 4426 704 4487 evincit·
726 4433 759 4487 et
789 4422 848 4485 lrac
878 4420 949 4485 sola
973 4443 1012 4514 ,re
1041 4415 1188 4487 Anselmi
