3044 5376
518 473 768 539 ...43-

88 633 241 731 eogitari
254 668 318 711 non
340 669 426 712 esse:
456 651 540 728 quod
565 653 759 733 meridient,
791 670 885 730 qum
918 650 1000 729 quod
1025 671 1088 715 non
1112 674 1184 717 esse

90 767 232 849 eogitari
255 771 371 845 potest.
417 764 526 841 Quare
554 771 582 831 si
611 768 662 844 id,
693 789 755 848 quo
778 771 885 852 maius
906 769 1016 846 nequit
1038 770 1184 851 eogitari,

89 889 203 962 potest
224 884 359 966 eogitari
382 905 445 947 nou
467 904 554 948 esse:
579 885 610 947 id
634 888 737 964 ipsium
761 905 822 964 quo
844 887 951 966 majus
973 888 1108 969 eogitari
1128 909 1183 950 ne·

89 1002 183 1080 quit,
213 1020 276 1065 non
307 1002 431 1082 estid,
464 1024 526 1083 quo
549 1003 656 1084 majus
678 1004 811 1086 eogitari
841 1005 968 1082 nequit3
997 1004 1080 1083 quod
1107 1024 1183 1067 eon·
1265 1039 1268 1045 »

88 1121 207 1185 venire
230 1139 294 1181 non
316 1127 433 1198 potest.
477 1118 532 1184 Sic
559 1141 634 1202 ergo
657 1139 733 1185 vere
755 1121 806 1183 est'
827 1119 965 1201 aliquid,
994 1141 1063 1202 quo·
1079 1125 1185 1206 majus

90 1238 232 1320 eogitari
253 1257 317 1333 non
341 1246 463 1319 potest,
492 1246 528 1305 ut
548 1258 607 1301 nee
631 1240 764 1323 eogitari
787 1240 889 1318 possit
910 1261 974 1305 non
997 1261 1068 1304 esse
1090 1275 1130 1287 -
1152 1248 1185 1307 et

94 1353 227 1433 quidem
251 1355 404 1435 quidquid
433 1363 482 1420 est
509 1353 596 1419 aliud
620 1364 746 1435 praeter
767 1354 872 1421 solum
897 1353 948 1422 Te
970 1355 1185 1441 (Dominum),

89 1458 201 1552 potest
222 1473 357 1556 eogitari
380 1493 444 1537 non
466 1492 550 1539 esse..
573 1508 611 1519 -

560 1672 639 1758 Cap.
663 1673 726 1737 1v;

180 1863 222 1881 -··
247 1864 283 1877 -
308 1823 373 1900 Qui
395 1823 550 1911 iutelligit
570 1828 619 1890 sie
641 1847 713 1890 esse
733 1826 830 1889 deum
852 1828 901 1910 (ut
916 1848 975 1891 neo
990 1833 1185 1914 cogitatione

91 1951 195 2025 queat
218 1965 283 2007 non
306 1944 410 2026 esse),
435 1946 544 2026 nequit
566 1964 638 2011 eum
661 1963 726 2007 non
748 1964 818 2007 esea
842 1945 993 2027 cogitare.
1019 1980 1064 1995 ...

500 2147 793 2155 --—--—-—-———

184 2296 301 2363 Totius
332 2297 430 2382 hujus
458 2299 748 2384 argumentationis
769 2304 966 2361 momentum
989 2302 1130 2366 cernitur
1152 2303 1186 2365 iu

92 2415 222 2480 verbis:
245 2415 309 2495 „id
332 2436 394 2496 quo
417 2417 524 2499 majus
544 2417 680 2500 eogitari
703 2418 835 2496 aequit,
859 2437 923 2478 nou
946 2422 1137 2495 potestesse
1153 2420 1186 2479 in

87 2532 263 2598 intellectu
286 2531 376 2606 uolot
405 2535 433 2596 si
457 2535 543 2598 enim
566 2532 620 2597 vel
649 2535 683 2597 iu
704 2535 772 2597 solo
794 2531 964 2597 intellectu
986 2540 1052 2610 est,
1083 2541 1188 2613 potest

93 2655 232 2737 cogitari
254 2671 326 2716 esse
349 2657 382 2714 et
402 2650 436 2714 in
453 2671 508 2723 re3
532 2651 614 2732 quod
630 2654 736 2743 majus
751 2655 835 2717 est.“
881 2649 936 2716 Uti
950 2654 1035 2716 euim
1049 2650 1187 2715 absurde

92 2772 168 2848 quis
186 2775 273 2833 esset
291 2776 463 2860 negatruus
479 2767 678 2852 triangulum
693 2769 827 2853 angulos
842 2764 961 2834 babere
977 2779 1055 2848 tres,
1073 2770 1188 2849 quippe

89 2889 150 2966 qui
172 2883 362 2968 angulorum
384 2904 536 2965 numerus
557 2891 743 2958 necessario
769 2889 803 2948 in
832 2909 913 2950 vooe
943 2886 1067 2965 prolata
1092 2890 1186 2957 insit:

91 3006 145 3064 ita
166 3000 262 3062 deum
285 3000 307 3060 i.
326 3019 352 3061 e.
378 2996 525 3062 naturam
535 2999 721 3082 perfeetum
737 2999 874 3086 ideoque
891 3005 987 3067 etiam
1004 3011 1186 3068 exstantem

12 3110 13 3149 3
91 3138 164 3180 uon
193 3121 326 3179 exstare
355 3116 498 3194 ineptum
529 3123 580 3179 est
607 3116 646 3179 de
668 3115 813 3185 Anneimi
836 3123 1004 3185 sententia*
1015 3118 1186 3203 juditium.

94 3234 158 3298 E'st
185 3235 271 3298 enim
302 3233 386 3297 idem
418 3221 456 3297 ae
477 3235 580 3314 siquis
601 3233 722 3299 diceret
745 3247 890 3301 naturam
913 3248 1099 3303 exstantem
1122 3260 1186 3304 nou

93 3360 239 3417 exstare.
283 3348 422 3415 Videtur
443 3353 542 3435 igitur
564 3350 718 3417 Auselmo
742 3354 839 3417 ineo
866 3361 1065 3433 praestantia
1091 3377 1186 3434 quao-

92 3470 170 3549 dasn
192 3488 264 3533 ease
286 3470 476 3546 conspicua,
507 3468 591 3548 quod
614 3468 688 3549 quid
710 3489 775 3533 nou
805 3478 929 3535 tantum
958 3474 992 3536 in
1020 3470 1189 3537 intellectu

91 3607 207 3651 verum
230 3586 327 3649 etiam
349 3586 414 3664 „in
431 3588 498 3649 re“
520 3591 579 3649 est.
622 3584 715 3662 Quod
738 3606 801 3665 quo
817 3586 1013 3655 luculentius
1027 3592 1061 3656 in
1079 3582 1188 3656 nodos

93 3706 251 3784 incurrit,
274 3722 313 3766 eo
336 3702 443 3766 nunus
465 3700 679 3796 Brnnaonuro
702 3724 869 3799 possumus
891 3710 1054 3788 maeotim,
1078 3712 1132 3790 qui
1153 3710 1187 3773 iu

92 3822 325 3886 dissertatione
355 3819 394 3883 de
420 3817 569 3887 Anselmi
591 3819 836 3888 cantuariensis
857 3823 1026 3912 Proslogio
1056 3834 1089 3890 et
1114 3824 1187 3890 Μο-

93 3938 230 4024 uologio
243 3943 430 4019 ceteroquin
448 3939 557 4004 multis
570 3924 752 4003 nominibus
766 3940 941 4022 laudabili,
965 3942 1187 4018 existentiam,

92 4056 253 4121 Anseimo
283 4063 431 4135 auctore,
460 4078 556 4122 unam
585 4034 885 4137 etperfeetiouibus
915 4080 985 4122 esse
1009 4056 1187 4124 habendam

92 4175 232 4256 ideoque
262 4182 396 4239 naturae
422 4175 686 4256 pers'eetiminae
718 4195 789 4237 esse
820 4174 1056 4239 attribuendam
1082 4183 1187 4261 negat.

94 4291 276 4356 Enimvero
299 4292 532 4356 Bruaaormus
554 4304 642 4358 reete
665 4297 693 4357 si
718 4292 927 4357 contenderet
949 4291 993 4377 (p.
1018 4294 1081 4377 tt.)
1104 4315 1186 4373 „as-

96 4420 286 4496 gusuentum
301 4410 543 4487 Anselmiauum
560 4410 620 4476 hoc
633 4412 702 4487 ,sibi
719 4410 817 4491 velle,
837 4417 874 4476 ut
891 4419 1058 4493 monstret,
1081 4414 1188 4476 notio„
