3044 5376
770 483 1023 551 ..64-

275 697 278 703 ·
349 671 434 730 s'ario
458 662 681 742 consequitur,
716 669 751 724 ut
772 663 805 722 in
829 663 886 723 rei'
899 660 1061 741 perfectae
1084 661 1162 721 insit
1186 660 1328 721 notione.
1380 659 1446 724 Na.

350 805 411 864 que
433 784 518 845 enim
540 800 671 859 prorsus
693 779 863 857 convenit,
887 778 970 857 quod
995 785 1067 857 post
1089 774 1280 839 Anselmum
1303 783 1338 838 et
1365 774 1446 841 Car·

348 903 466 963 tesium
490 898 617 961 demum
639 893 852 985 introductum
878 904 928 958 est
943 915 1060 956 nomen
1078 896 1213 956 naturae
1228 893 1446 969 rectissimae,

349 1020 465 1098 quippe
491 1014 576 1078 unde
608 992 706 1075 fbciie
734 1014 922 1095 conjectura
952 1015 1114 1092 capiatur,
1145 1012 1234 1091 quasi
1265 1012 1299 1071 in
1329 1020 1446 1076 natura
1503 1014 1504 1059 t

349 1137 411 1198 ista
433 1134 560 1210 onmia,
591 1149 797 1209 quaecunque
826 1137 901 1191 sunt
928 1129 1048 1207 realia,
1078 1134 1357 1191 coacervarentur.
1402 1129 1446 1194 At

349 1254 461 1331 nequit
483 1254 529 1314 ita
552 1270 632 1312 esse.
676 1247 782 1311 Multa
811 1252 885 1308 sunt
903 1244 1081 1324 predicata
1104 1242 1223 1322 realia,
1254 1265 1336 1324 quae
1359 1249 1444 1310 inter

351 1390 385 1430 se
408 1373 551 1450 pugnent
571 1364 630 1428 neo
653 1366 753 1449 igitur
768 1365 802 1425 in
821 1383 886 1426 une
903 1362 1078 1439 eademque
1094 1368 1208 1422 natura
1223 1368 1442 1445 coagmentari

350 1490 483 1565 queant:
509 1483 611 1548 veluti
632 1484 710 1547 boni
732 1491 765 1545 et
786 1478 863 1543 mali
886 1476 1080 1556 praedicata,
1104 1480 1251 1556 quamvis
1273 1487 1442 1562 utrumque

350 1605 394 1666 sit
416 1601 517 1676 reale,
540 1598 648 1664 tamen
671 1602 705 1662 in
729 1619 826 1663 unum
849 1595 997 1675 idemque
1019 1595 1188 1679 transferri
1209 1616 1271 1659 non
1295 1609 1440 1677 possunt,

349 1721 443 1801 cujus
460 1720 597 1780 rationis
613 1717 729 1781 nubem
744 1713 965 1794 exemplorum
984 1692 1097 1775 liceret
1113 1733 1297 1796 congerere.
1336 1715 1440 1792 Quor·

349 1840 418 1898 sum
440 1857 519 1899 vero
539 1832 636 1896 baeci
681 1831 727 1896 Ut
749 1829 960 1915 intelligatur,
983 1829 1104 1891 exinde
1125 1830 1208 1908 quod
1225 1831 1441 1910 praedicatum

349 1952 509 2047 quoddam
531 1950 620 2015 recte
633 1951 778 2015 ducatur
799 1948 899 2026 reale,
923 1969 987 2010 uon
1010 1949 1119 2009 statim
1143 1952 1304 2028 consequi,
1328 1960 1366 2013 ut
1387 1972 1441 2013 ne·

350 2072 489 2133 cessario
510 2071 588 2131 insit
610 2071 643 2130 iu
670 2076 803 2132 naturae
826 2066 989 2146 perfectae
1012 2067 1163 2143 notione,
1186 2066 1241 2128 sed
1266 2067 1297 2128 id
1314 2066 1440 2146 quidem

349 2185 505 2271 singulari
531 2186 656 2250 demum
681 2187 959 2269 argumentatione
987 2202 1057 2245 esse
1081 2182 1304 2246 evincendum.
1346 2185 1440 2264 „At-

350 2308 455 2383 enim,
486 2303 609 2366 dixerit
629 2304 804 2384 quispiam,
835 2288 1025 2364 attributum
1049 2301 1245 2364 existentiae
1268 2310 1356 2364 certe
1380 2324 1440 2366 non

349 2416 507 2505 repugnat
528 2421 654 2482 notioni
677 2408 902 2499 perfectionis:
926 2438 1001 2501 ergo
1018 2420 1131 2498 potest
1153 2417 1285 2482 subesse
1308 2430 1342 2483 et
1363 2442 1441 2503 quaa

348 2550 459 2627 potest
482 2560 553 2602 assa
577 2535 748 2601 affirmatio
772 2539 806 2601 in
830 2535 1107 2600 naturaomnibus
1124 2538 1267 2598 numeris
1282 2536 1439 2618 absoluta,

351 2654 430 2717 baec
452 2674 515 2715 non
538 2652 634 2717 debet
656 2656 811 2736 negari.“
855 2651 1004 2729 Vertitur
1018 2654 1116 2736 igitur
1129 2656 1228 2716 totius
1243 2657 1440 2732 quaestionis

351 2770 448 2840 cardo
468 2771 539 2853 jam
562 2772 596 2832 in
620 2790 675 2848 eo,
699 2769 783 2849 quod
799 2772 926 2857 etiamsi
943 2791 1005 2832 non
1020 2773 1129 2833 omnin
1146 2771 1327 2851 praedicata
1340 2772 1441 2835 realia

350 2892 460 2954 insunt
481 2890 515 2950 in
538 2884 746 2967 perfectionis
769 2889 918 2965 notione,
941 2894 1048 2949 tamen
1073 2910 1279 2969 quaecunque
1295 2898 1441 2968 possunt,

350 3006 476 3071 subsint
498 3006 714 3069 necessarium
737 3005 872 3068 videtur.
919 3003 1042 3067 Verum
1066 3025 1105 3066 ne
1129 3003 1189 3066 hoo
1212 3005 1340 3084 quidem
1366 3025 1438 3068 con·
1496 3038 1497 3085 p

350 3123 527 3186 cedendum
581 3118 762 3201 Exemplo,
785 3121 868 3200 quod
891 3120 972 3184 mihi
995 3118 1125 3182 obvium
1148 3118 1220 3182 fieri
1245 3122 1351 3200 video,
1374 3144 1442 3186 rem
1496 3120 1497 3149 ³

350 3236 422 3301 luce
444 3236 633 3317 perfundere
656 3235 803 3299 studebo.
849 3234 955 3314 Deus,
978 3235 1134 3315 siquidem
1157 3247 1227 3316 est,
1251 3240 1321 3300 sine
1343 3238 1441 3301 dubio
1497 3318 1502 3335 Ι

350 3353 528 3418 substantia
551 3354 707 3434 quaedam
730 3361 797 3417 est:
821 3372 955 3432 namque
974 3351 1144 3433 nobis'ipsi
1159 3358 1365 3436 imponimus,
1387 3357 1441 3420 ubi

350 3473 536 3553 praedicata
557 3475 629 3536 sine
650 3472 811 3536 substrato
833 3468 941 3550 aliquo
962 3471 1104 3553 cogitare
1122 3472 1218 3550 posse
1240 3471 1331 3536 nobis
1350 3473 1440 3536 vide·

350 3610 420 3652 ruur
435 3593 472 3672 ³).
517 3589 633 3654 Omnis
656 3588 782 3669 autem,
807 3608 887 3668 quae
910 3586 961 3650 bis
984 3588 1017 3649 iu
1037 3589 1138 3650 terris
1154 3588 1213 3652 sub
1236 3599 1440 3669 conspectum

419 3824 448 3893 *)
466 3824 565 3875 Summa
582 3826 747 3890 persuasione
766 3825 898 3886 Augustini
917 3822 995 3874 verba
1012 3825 1150 3889 amplector
1168 3826 1193 3875 in
1211 3826 1254 3877 Ps.
1276 3827 1321 3880 68.
1344 3864 1361 3889 „
1372 3827 1440 3878 Deus

351 3917 391 3960 est
409 3910 530 3975 quaedam
548 3910 701 3971 substantia,
724 3924 778 3959 num
798 3909 863 3974 quod
882 3909 952 3959 nullu
970 3915 1011 3985 est
1027 3910 1181 3970 substantia,
1202 3912 1377 3962 nihilomnino
1393 3921 1440 3964 est.

352 3993 495 4046 Substantia
513 4010 574 4059 crgo
596 3995 692 4060 aliquid
714 4009 772 4045 esse
791 3998 861 4044 est.“
897 3993 968 4044 Tert.
988 3994 1018 4042 do
1034 4009 1108 4044 carne
1128 3994 1187 4045 Chr.
1207 4011 1262 4060 cap.
1277 4000 1324 4047 11:
1344 3997 1441 4059 „Omne

351 4081 417 4146 quod
435 4087 489 4141 est,
513 4095 602 4144 corpus
623 4087 663 4130 est
679 4080 719 4129 sui
739 4080 855 4143 generis:
883 4079 946 4128 nibil
966 4084 1005 4127 est
1022 4077 1048 4125 in
1066 4081 1212 4144 corporale,
1241 4081 1289 4131 nisi
1310 4083 1376 4146 quod
1394 4099 1442 4131 non
1503 4076 1504 4085 ’

350 4167 424 4214 est.“
444 4192 477 4203 -
499 4164 534 4214 id.
553 4166 610 4215 adv.
631 4164 706 4214 Prax.
726 4168 752 4215 7.
776 4163 863 4230 „Quis
882 4163 982 4225 negavit
1000 4162 1079 4212 Deum
1101 4179 1191 4229 corpus
1210 4181 1282 4226 esse,
1303 4168 1352 4216 etsi
1372 4166 1441 4217 Deus
1502 4182 1504 4235 j

350 4249 452 4311 spiritus
476 4245 539 4298 est?
574 4247 681 4314 Spiritus
699 4249 764 4298 enim
782 4263 872 4313 corpus
890 4248 930 4297 sui
949 4248 1084 4311 generis“;
1105 4249 1139 4298 cf.
1159 4249 1238 4300 Clem.
1259 4251 1332 4300 Alex.
1352 4259 1440 4302 strom.

349 4332 382 4384 V.
403 4335 444 4380 12.
463 4361 497 4371 -
522 4333 651 4383 Partincnt
676 4332 739 4382 haec
764 4332 863 4397 quidem
890 4332 920 4379 ad
945 4334 1084 4396 penetralia
1111 4335 1218 4385 notionis
1238 4335 1293 4384 dei:
1323 4337 1354 4385 ud
1376 4352 1440 4400 quae

350 4416 409 4481 quid
435 4416 495 4464 mibi
521 4415 612 4466 aditura
639 4416 772 4466 recludere
801 4415 931 4476 videatur,
961 4417 1023 4466 alibi
1051 4432 1177 4483 exponere
1204 4419 1325 4470 conabor.
1369 4420 1441 4487 Quod
