3044 5376
756 455 1006 518 „20..

337 638 566 705 conscientiam
589 640 646 697 ant
668 629 888 695 immediatam
910 635 966 691 ant
988 625 1172 702 mediatam,
1195 633 1291 706 atque
1309 627 1448 703 quoties

324 759 455 836 telam,
478 773 574 835 qnam
589 751 701 815 exorsi
716 748 849 823 fuimus,
871 748 934 810 rite
948 745 1220 826 pertexuerirnns,
1243 749 1276 806 et
1293 744 1448 827 cogitata

339 885 472 941 nunnae
495 868 621 953 legibus
643 871 854 944 attemperate
876 864 1169 942 circumspecteque
1186 869 1447 945 coagmentare·

333 999 457 1071 rimas,
480 988 603 1054 laboris
625 981 789 1069 exantlati
810 984 953 1062 praemio
977 1001 1035 1043 nos
1058 1000 1123 1041 non
1145 977 1374 1043 defraudatum
1401 981 1447 1042 iri

339 1133 470 1196 sperare
492 1108 580 1191 licet.
625 1105 662 1166 Si
685 1103 836 1165 deusest
859 1102 951 1178 isque
976 1096 1068 1161 nobis
1091 1104 1156 1159 est:
1189 1099 1364 1182 imaginem
1390 1100 1446 1160 sui

339 1233 441 1311 ipsius
462 1243 681 1304 repercussam
703 1223 737 1283 in
759 1217 877 1281 nrnado
899 1213 1122 1292 adumbravit,
1145 1216 1228 1277 etin
1244 1217 1285 1277 iis
1302 1221 1445 1283 naturae

290 1349 292 1353 ’
342 1347 466 1433 legibus
495 1343 677 1423 expressit,
708 1357 787 1418 tuas
818 1337 1011 1398 necessitate
1042 1332 1128 1395 ducti
1158 1334 1304 1411 interna,
1340 1355 1444 1413 quum

341 1466 484 1533 omnium
507 1458 720 1542 cogitatorum
739 1457 893 1536 junctura
901 1449 1131 1547 amplectimur
1146 1456 1214 1513 turn
1231 1449 1345 1514 eodem
1359 1453 1443 1535 jure

341 1587 376 1647 in
400 1583 500 1662 ipsius
523 1577 656 1638 notione
684 1578 741 1634 aut
769 1568 996 1633 constituenda
1024 1576 1058 1631 et
1078 1568 1282 1652 agnoscenda
1303 1579 1360 1634 aut
1381 1571 1440 1634 ab·

340 1696 492 1784 neganda
513 1692 701 1757 retinemus.
745 1687 936 1769 Priusquam
966 1685 1100 1766 pedibus
1123 1688 1170 1748 uti
1194 1693 1357 1766 vetemur,
1388 1697 1441 1752 est

343 1838 400 1881 cur
421 1810 629 1887 ostendatur,
660 1806 735 1887 qnid
756 1807 819 1886 sit,
851 1804 1058 1887 quamobrem
1081 1805 1230 1867 incedere
1253 1825 1317 1867 non
1338 1804 1437 1868 liceat

343 1957 402 2000 nec
430 1931 528 1994 hodia
557 1923 654 1990 facila
685 1925 853 2005 qnisquam
882 1921 945 1985 sibi
973 1921 1196 2001 persuadebit,
1225 1944 1284 2000 per
1312 1920 1429 1985 Krsrsr

343 2049 538 2115 antinomias
561 2042 595 2106 id
618 2047 905 2104 commonstratum
927 2059 1009 2102 csse.
1057 2038 1179 2103 Verum
1198 2045 1285 2103 totns
1300 2042 1356 2103 iste
1368 2038 1431 2100 siri

343 2168 451 2250 magni
480 2181 569 2225 error
600 2159 770 2237 praecipue
801 2179 820 2220 e
850 2177 966 2221 manca
995 2160 1069 2240 ejus
1101 2167 1135 2221 et
1162 2179 1260 2237 prava
1290 2158 1434 2220 doctrina

342 2278 571 2365 psycbologica
602 2284 652 2339 est
678 2274 834 2339 oriundus
864 2283 896 2340 et
924 2296 996 2338 cum
1024 2274 1085 2339 hac
1113 2277 1184 2356 ipsa
1207 2276 1259 2340 vel
1282 2274 1436 2356 explosus

343 2396 395 2463 val
420 2397 550 2461 tandem
575 2392 747 2473 aliquando
769 2391 1004 2475 explodendas.

428 2513 520 2577 Bono
549 2513 648 2596 igitur
678 2512 787 2573 animo
817 2510 858 2572 ad
886 2511 1106 2590 quaestionem
1135 2509 1228 2575 nobis
1256 2517 1436 2589 susceptam

343 2610 580 2717 aggrediamur.
624 2626 699 2691 Non
731 2634 854 2691 tantum
888 2627 928 2689 ad
958 2624 1037 2690 fidei
1067 2626 1292 2692 deductionem
1325 2648 1436 2690 verum

343 2730 470 2826 etiam,
496 2745 655 2824 siqnidem
684 2747 771 2808 veris
799 2745 952 2808 initernur
975 2747 1159 2826 principiis,
1189 2754 1223 2809 et
1245 2748 1279 2809 in
1301 2743 1436 2830 singulis

341 2885 509 2930 sensorum
534 2863 738 2927 contestaris
762 2870 850 2925 recte
872 2861 1087 2942 versabimur,
1111 2865 1151 2926 ad
1168 2865 1366 2927 existentiae
1384 2864 1437 2926 dei

342 2982 648 3046 demonstrationem
671 2981 836 3059 adspirare
858 2977 979 3043 licebit.
1023 2978 1116 3056 Quae
1138 3003 1212 3062 spes
1233 2981 1290 3044 nbi
1313 3002 1370 3044 nos
1388 2981 1436 3044 fe-

342 3095 466 3161 fellerit
482 3108 515 3160 et
530 3099 728 3181 argumentis
743 3097 870 3159 idoneis
885 3096 926 3158 ad
939 3097 1084 3169 nihiinm'
1093 3101 1156 3162 erit
1169 3100 1318 3176 redacta,
1342 3120 1437 3162 nemo

343 3214 510 3295 qnisquam
540 3212 635 3274 nobis
664 3213 840 3292 promptior
870 3214 933 3276 erit
961 3214 1003 3276 ad
1035 3237 1177 3280 errorem
1206 3215 1436 3282 confitendum.

341 3329 446 3396 Nemo
470 3333 569 3410 enim,
592 3330 785 3410 quisapiat,
807 3327 928 3408 publici
948 3332 1034 3414 juris
1056 3313 1146 3414 facit,
1169 3334 1250 3416 qnae
1272 3337 1436 3399 invenisse

342 3448 406 3512 sibi
431 3448 571 3526 videtur,
593 3449 658 3511 nisi
680 3454 717 3511 nt
739 3455 795 3512 ant
816 3447 928 3514 doceat
947 3457 1004 3514 ant
1025 3451 1194 3535 doceatur.
1239 3451 1309 3518 Nec
1326 3462 1437 3516 tamen

341 3563 526 3644 perturbari
556 3585 613 3628 nos
641 3568 801 3655 patiemur
828 3559 1009 3632 honorifico
1031 3568 1091 3632 ἰΙΙο
1112 3572 1320 3650 testimonio,
1349 3569 1436 3650 quod

341 3679 497 3743 marrus
520 3681 606 3764 (crit.
622 3688 683 3744 rat.
700 3687 801 3767 praet.
819 3704 851 3761 p.
870 3689 944 3748 264.
960 3692 993 3749 et
1008 3692 1080 3752 265.
1105 3688 1181 3781 edit
1198 3691 1246 3771 4.)
1269 3696 1302 3753 et
1325 3687 1435 3752 Dana.

341 3798 380 3882 (1.
404 3819 430 3861 c.
453 3818 483 3876 p.
510 3800 596 3878 187.)
620 3797 660 3860 de
683 3800 824 3878 ipsorum
847 3784 1045 3868 confidentia
1067 3806 1177 3871 mundi
1199 3808 1262 3871 rite
1285 3808 1436 3871 adornati

340 3915 560 3996 prodiderunt.
614 3914 793 3995 Repulsant
819 3921 905 3983 enim
934 3927 1067 4003 uterque
1097 3923 1321 4005 opprobrium,
1352 3925 1437 4006 quod

339 4032 401 4096 deo
432 4054 477 4097 ax
504 4033 618 4097 manca
647 4035 720 4118 ejus
750 4043 859 4100 nostra
882 4041 1065 4122 cognitione
1087 4044 1190 4118 possit
1213 4045 1346 4123 enasci,
1375 4044 1436 4122 ita,

337 4156 376 4213 ut
388 4171 446 4231 per
460 4148 648 4219 firmitatem
665 4150 764 4237 hujus
780 4158 999 4235 persuasionis
1014 4155 1313 4241 demonstrativam,
1334 4163 1435 4226 vitam

287 4354 292 4362 .
337 4266 467 4352 legibus
496 4270 617 4361 divinis
635 4270 928 4337 'accommodatam
957 4294 984 4338 s.
1015 4273 1171 4339 moralem
1203 4280 1306 4362 magis
1336 4278 1435 4343 incidi

341 4385 538 4452 contendant
565 4407 661 4468 qnam
689 4387 853 4470 adjuvari.
902 4387 1032 4455 Etenim
1061 4392 1204 4475 saturum
1236 4415 1328 4475 esse,
1360 4416 1434 4475 per·
