<?xml version="1.0" encoding="UTF-8"?>
<!DOCTYPE html PUBLIC "-//W3C//DTD XHTML 1.0 Transitional//EN"
    "http://www.w3.org/TR/xhtml1/DTD/xhtml1-transitional.dtd">
<html xmlns="http://www.w3.org/1999/xhtml" xml:lang="en" lang="en">
 <head>
  <title>
</title>
<meta http-equiv="Content-Type" content="text/html;charset=utf-8" />
  <meta name='ocr-system' content='tesseract 3.04.00' />
  <meta name='ocr-capabilities' content='ocr_page ocr_carea ocr_par ocr_line ocrx_word'/>
</head>
<body>
  <div class='ocr_page' id='page_1' title='image "argumentaprodei00fricgoog_0034.png"; bbox 0 0 3044 5376; ppageno 0'>
   <div class='ocr_carea' id='block_1_1' title="bbox 524 456 777 523">
    <p class='ocr_par' dir='ltr' id='par_1_1' title="bbox 524 456 777 523">
     <span class='ocr_line' id='line_1_1' title="bbox 524 456 777 523; baseline 0.016 -21"><span class='ocrx_word' id='word_1_1' title='bbox 524 456 777 523; x_wconf 71' lang='lat'><strong>..23-</strong></span> 
     </span>
    </p>
   </div>
   <div class='ocr_carea' id='block_1_2' title="bbox 196 729 1110 803">
    <p class='ocr_par' dir='ltr' id='par_1_2' title="bbox 196 729 1110 803">
     <span class='ocr_line' id='line_1_2' title="bbox 196 729 1110 803; baseline 0.012 -20"><span class='ocrx_word' id='word_1_2' title='bbox 196 729 595 803; x_wconf 73' lang='lat' dir='ltr'>medomemturm</span> <span class='ocrx_word' id='word_1_3' title='bbox 625 731 1110 798; x_wconf 59' lang='lat' dir='ltr'>argumentationis.</span> 
     </span>
    </p>
   </div>
   <div class='ocr_carea' id='block_1_3' title="bbox 51 848 1230 4344">
    <p class='ocr_par' dir='ltr' id='par_1_3' title="bbox 51 848 1230 4344">
     <span class='ocr_line' id='line_1_3' title="bbox 108 848 1193 939; baseline 0.009 -10"><span class='ocrx_word' id='word_1_4' title='bbox 108 848 110 851; x_wconf 13' lang='grc' dir='ltr'>ι</span> <span class='ocrx_word' id='word_1_5' title='bbox 185 864 271 929; x_wconf 79' lang='lat' dir='ltr'>inter</span> <span class='ocrx_word' id='word_1_6' title='bbox 293 887 407 931; x_wconf 88' lang='lat' dir='ltr'>omues</span> <span class='ocrx_word' id='word_1_7' title='bbox 429 867 526 930; x_wconf 78' lang='lat' dir='ltr'>facile</span> <span class='ocrx_word' id='word_1_8' title='bbox 547 870 719 931; x_wconf 84' lang='lat' dir='ltr'>conveniet</span> <span class='ocrx_word' id='word_1_9' title='bbox 741 889 812 931; x_wconf 80' lang='lat' dir='ltr'>eum</span> <span class='ocrx_word' id='word_1_10' title='bbox 837 889 910 933; x_wconf 82' lang='lat' dir='ltr'>esse</span> <span class='ocrx_word' id='word_1_11' title='bbox 927 868 1092 938; x_wconf 87' lang='lat' dir='ltr'>hominum</span> <span class='ocrx_word' id='word_1_12' title='bbox 1109 876 1193 939; x_wconf 88' lang='lat' dir='ltr'>inter</span> 
     </span>
     <span class='ocr_line' id='line_1_4' title="bbox 96 981 1191 1075; baseline 0.006 -28"><span class='ocrx_word' id='word_1_13' title='bbox 96 1003 134 1047; x_wconf 79' lang='lat' dir='ltr'>se</span> <span class='ocrx_word' id='word_1_14' title='bbox 156 981 400 1066; x_wconf 77' lang='lat' dir='ltr'>colligationem</span> <span class='ocrx_word' id='word_1_15' title='bbox 424 984 625 1064; x_wconf 80' lang='lat' dir='ltr'><strong>naturalem,</strong></span> <span class='ocrx_word' id='word_1_16' title='bbox 654 994 689 1048; x_wconf 90' lang='lat' dir='ltr'>ut</span> <span class='ocrx_word' id='word_1_17' title='bbox 711 984 793 1049; x_wconf 83' lang='lat' dir='ltr'>alter</span> <span class='ocrx_word' id='word_1_18' title='bbox 807 1007 861 1075; x_wconf 85' lang='lat' dir='ltr'>ex</span> <span class='ocrx_word' id='word_1_19' title='bbox 883 986 987 1053; x_wconf 82' lang='lat' dir='ltr'>attero</span> <span class='ocrx_word' id='word_1_20' title='bbox 1009 991 1191 1057; x_wconf 78' lang='lat' dir='ltr'>rationibus</span> 
     </span>
     <span class='ocr_line' id='line_1_5' title="bbox 57 1100 1191 1188; baseline 0.005 -23"><span class='ocrx_word' id='word_1_21' title='bbox 57 1135 60 1139; x_wconf 23' lang='grc' dir='ltr'><strong><em>ι</em></strong></span> <span class='ocrx_word' id='word_1_22' title='bbox 94 1100 270 1167; x_wconf 79' lang='lat' dir='ltr'><strong>admodum</strong></span> <span class='ocrx_word' id='word_1_23' title='bbox 292 1103 392 1164; x_wconf 82' lang='lat' dir='ltr'>variis</span> <span class='ocrx_word' id='word_1_24' title='bbox 416 1103 520 1181; x_wconf 87' lang='lat' dir='ltr'>iisque</span> <span class='ocrx_word' id='word_1_25' title='bbox 544 1101 734 1183; x_wconf 82' lang='lat' dir='ltr'>valdequam</span> <span class='ocrx_word' id='word_1_26' title='bbox 761 1102 913 1187; x_wconf 81' lang='lat' dir='ltr'>gravibus</span> <span class='ocrx_word' id='word_1_27' title='bbox 941 1108 984 1168; x_wconf 86' lang='lat' dir='ltr'>sit</span> <span class='ocrx_word' id='word_1_28' title='bbox 1006 1128 1191 1188; x_wconf 78' lang='lat' dir='ltr'>suspensus.</span> 
     </span>
     <span class='ocr_line' id='line_1_6' title="bbox 94 1214 1198 1304; baseline 0.01 -25"><span class='ocrx_word' id='word_1_29' title='bbox 94 1214 176 1281; x_wconf 90' lang='lat' dir='ltr'>lude</span> <span class='ocrx_word' id='word_1_30' title='bbox 200 1240 219 1281; x_wconf 85' lang='lat' dir='ltr'><strong>a</strong></span> <span class='ocrx_word' id='word_1_31' title='bbox 241 1218 427 1298; x_wconf 81' lang='lat' dir='ltr'>primordiis</span> <span class='ocrx_word' id='word_1_32' title='bbox 448 1221 510 1283; x_wconf 84' lang='lat' dir='ltr'>vix</span> <span class='ocrx_word' id='word_1_33' title='bbox 532 1218 633 1284; x_wconf 87' lang='lat' dir='ltr'>ullum</span> <span class='ocrx_word' id='word_1_34' title='bbox 656 1220 744 1283; x_wconf 86' lang='lat' dir='ltr'>uliud</span> <span class='ocrx_word' id='word_1_35' title='bbox 762 1221 884 1285; x_wconf 79' lang='lat' dir='ltr'>aniurel</span> <span class='ocrx_word' id='word_1_36' title='bbox 899 1223 980 1285; x_wconf 81' lang='lat' dir='ltr'>odeo</span> <span class='ocrx_word' id='word_1_37' title='bbox 998 1245 1076 1304; x_wconf 81' lang='lat' dir='ltr'>opus</span> <span class='ocrx_word' id='word_1_38' title='bbox 1095 1225 1198 1291; x_wconf 83' lang='lat' dir='ltr'>hebet</span> 
     </span>
     <span class='ocr_line' id='line_1_7' title="bbox 94 1331 1189 1424; baseline 0.012 -29"><span class='ocrx_word' id='word_1_39' title='bbox 94 1331 236 1396; x_wconf 82' lang='lat' dir='ltr'>aliorum</span> <span class='ocrx_word' id='word_1_40' title='bbox 251 1334 389 1415; x_wconf 79' lang='lat' dir='ltr'>auxilio,</span> <span class='ocrx_word' id='word_1_41' title='bbox 411 1343 448 1400; x_wconf 89' lang='lat' dir='ltr'>ut</span> <span class='ocrx_word' id='word_1_42' title='bbox 461 1334 620 1415; x_wconf 85' lang='lat' dir='ltr'>homines,</span> <span class='ocrx_word' id='word_1_43' title='bbox 643 1357 776 1416; x_wconf 87' lang='lat' dir='ltr'>quorum</span> <span class='ocrx_word' id='word_1_44' title='bbox 796 1338 997 1403; x_wconf 78' lang='lat' dir='ltr'>necessitudo</span> <span class='ocrx_word' id='word_1_45' title='bbox 1014 1363 1051 1404; x_wconf 85' lang='lat' dir='ltr'>uc</span> <span class='ocrx_word' id='word_1_46' title='bbox 1071 1341 1189 1424; x_wconf 89' lang='lat' dir='ltr'>depen-</span> 
     </span>
     <span class='ocr_line' id='line_1_8' title="bbox 95 1452 1191 1544; baseline 0.008 -29"><span class='ocrx_word' id='word_1_47' title='bbox 95 1452 223 1532; x_wconf 79' lang='lat' dir='ltr'>dentia,</span> <span class='ocrx_word' id='word_1_48' title='bbox 245 1461 282 1518; x_wconf 92' lang='lat' dir='ltr'>ut</span> <span class='ocrx_word' id='word_1_49' title='bbox 296 1456 343 1516; x_wconf 86' lang='lat' dir='ltr'>itu</span> <span class='ocrx_word' id='word_1_50' title='bbox 359 1452 476 1532; x_wconf 84' lang='lat' dir='ltr'>dicum,</span> <span class='ocrx_word' id='word_1_51' title='bbox 499 1462 610 1517; x_wconf 81' lang='lat' dir='ltr'>mutua</span> <span class='ocrx_word' id='word_1_52' title='bbox 626 1475 665 1515; x_wconf 92' lang='lat' dir='ltr'>eo</span> <span class='ocrx_word' id='word_1_53' title='bbox 683 1458 785 1539; x_wconf 77' lang='lat' dir='ltr'>magis</span> <span class='ocrx_word' id='word_1_54' title='bbox 806 1457 995 1541; x_wconf 74' lang='lat' dir='ltr'>adaugetur,</span> <span class='ocrx_word' id='word_1_55' title='bbox 1012 1479 1075 1538; x_wconf 84' lang='lat' dir='ltr'>quo</span> <span class='ocrx_word' id='word_1_56' title='bbox 1088 1463 1191 1544; x_wconf 74' lang='lat' dir='ltr'>mugio</span> 
     </span>
     <span class='ocr_line' id='line_1_9' title="bbox 95 1569 1189 1650; baseline 0.006 -18"><span class='ocrx_word' id='word_1_57' title='bbox 95 1572 234 1648; x_wconf 86' lang='lat' dir='ltr'>virium,</span> <span class='ocrx_word' id='word_1_58' title='bbox 258 1570 372 1650; x_wconf 88' lang='lat' dir='ltr'>quibus</span> <span class='ocrx_word' id='word_1_59' title='bbox 394 1569 558 1649; x_wconf 84' lang='lat' dir='ltr'>praeditus</span> <span class='ocrx_word' id='word_1_60' title='bbox 581 1578 649 1650; x_wconf 85' lang='lat' dir='ltr'>est,</span> <span class='ocrx_word' id='word_1_61' title='bbox 674 1572 736 1635; x_wconf 83' lang='lat' dir='ltr'>sibi</span> <span class='ocrx_word' id='word_1_62' title='bbox 757 1577 907 1637; x_wconf 83' lang='lat' dir='ltr'>conscius</span> <span class='ocrx_word' id='word_1_63' title='bbox 929 1574 1077 1638; x_wconf 79' lang='lat' dir='ltr'>redditur</span> <span class='ocrx_word' id='word_1_64' title='bbox 1095 1584 1129 1641; x_wconf 86' lang='lat' dir='ltr'>et</span> <span class='ocrx_word' id='word_1_65' title='bbox 1147 1577 1189 1643; x_wconf 83' lang='lat' dir='ltr'>ud</span> 
     </span>
     <span class='ocr_line' id='line_1_10' title="bbox 93 1685 1187 1774; baseline 0.01 -26"><span class='ocrx_word' id='word_1_66' title='bbox 93 1688 197 1751; x_wconf 82' lang='lat' dir='ltr'>animi</span> <span class='ocrx_word' id='word_1_67' title='bbox 218 1687 450 1767; x_wconf 78' lang='lat' dir='ltr'>perfectionem</span> <span class='ocrx_word' id='word_1_68' title='bbox 472 1685 629 1751; x_wconf 86' lang='lat' dir='ltr'>evehitur.</span> <span class='ocrx_word' id='word_1_69' title='bbox 682 1686 843 1757; x_wconf 80' lang='lat' dir='ltr'>Nimirum</span> <span class='ocrx_word' id='word_1_70' title='bbox 866 1711 1056 1771; x_wconf 79' lang='lat' dir='ltr'>quamquem</span> <span class='ocrx_word' id='word_1_71' title='bbox 1079 1695 1187 1774; x_wconf 87' lang='lat' dir='ltr'>initio,</span> 
     </span>
     <span class='ocr_line' id='line_1_11' title="bbox 92 1802 1187 1889; baseline 0.006 -20"><span class='ocrx_word' id='word_1_72' title='bbox 92 1802 243 1869; x_wconf 85' lang='lat' dir='ltr'>homines</span> <span class='ocrx_word' id='word_1_73' title='bbox 265 1805 361 1869; x_wconf 86' lang='lat' dir='ltr'>rudes</span> <span class='ocrx_word' id='word_1_74' title='bbox 384 1812 418 1869; x_wconf 91' lang='lat' dir='ltr'>et</span> <span class='ocrx_word' id='word_1_75' title='bbox 439 1807 605 1869; x_wconf 84' lang='lat' dir='ltr'>interioris</span> <span class='ocrx_word' id='word_1_76' title='bbox 621 1806 726 1870; x_wconf 86' lang='lat' dir='ltr'>cultus</span> <span class='ocrx_word' id='word_1_77' title='bbox 742 1815 907 1887; x_wconf 86' lang='lat' dir='ltr'>expertes,</span> <span class='ocrx_word' id='word_1_78' title='bbox 930 1812 1187 1889; x_wconf 79' lang='lat' dir='ltr'>necessitutibus,</span> 
     </span>
     <span class='ocr_line' id='line_1_12' title="bbox 92 1921 1190 2003; baseline 0.002 -16"><span class='ocrx_word' id='word_1_79' title='bbox 92 1922 135 1987; x_wconf 82' lang='lat' dir='ltr'>ud</span> <span class='ocrx_word' id='word_1_80' title='bbox 159 1943 238 2003; x_wconf 82' lang='lat' dir='ltr'>quus</span> <span class='ocrx_word' id='word_1_81' title='bbox 261 1921 440 2001; x_wconf 83' lang='lat' dir='ltr'>explendus</span> <span class='ocrx_word' id='word_1_82' title='bbox 462 1943 482 1984; x_wconf 83' lang='lat' dir='ltr'><strong>a</strong></span> <span class='ocrx_word' id='word_1_83' title='bbox 504 1928 618 1985; x_wconf 82' lang='lat' dir='ltr'>nutura</span> <span class='ocrx_word' id='word_1_84' title='bbox 640 1921 811 2002; x_wconf 83' lang='lat' dir='ltr'>pellimur,</span> <span class='ocrx_word' id='word_1_85' title='bbox 833 1921 1021 1985; x_wconf 79' lang='lat' dir='ltr'>satisfacere</span> <span class='ocrx_word' id='word_1_86' title='bbox 1043 1925 1190 1989; x_wconf 85' lang='lat' dir='ltr'>videmur</span> 
     </span>
     <span class='ocr_line' id='line_1_13' title="bbox 91 2037 1190 2120; baseline -0.001 -16"><span class='ocrx_word' id='word_1_87' title='bbox 91 2060 191 2120; x_wconf 83' lang='lat' dir='ltr'>posse</span> <span class='ocrx_word' id='word_1_88' title='bbox 213 2042 295 2119; x_wconf 71' lang='lat' dir='ltr'>soli,</span> <span class='ocrx_word' id='word_1_89' title='bbox 325 2046 435 2102; x_wconf 83' lang='lat' dir='ltr'>tamen</span> <span class='ocrx_word' id='word_1_90' title='bbox 465 2059 506 2100; x_wconf 91' lang='lat' dir='ltr'>ne</span> <span class='ocrx_word' id='word_1_91' title='bbox 533 2045 601 2103; x_wconf 90' lang='lat' dir='ltr'>tum</span> <span class='ocrx_word' id='word_1_92' title='bbox 630 2039 759 2120; x_wconf 84' lang='lat' dir='ltr'>quidem</span> <span class='ocrx_word' id='word_1_93' title='bbox 781 2038 931 2102; x_wconf 83' lang='lat' dir='ltr'>omnibus</span> <span class='ocrx_word' id='word_1_94' title='bbox 955 2037 1090 2105; x_wconf 82' lang='lat' dir='ltr'>aliorum</span> <span class='ocrx_word' id='word_1_95' title='bbox 1113 2038 1190 2103; x_wconf 87' lang='lat' dir='ltr'>snb·</span> 
     </span>
     <span class='ocr_line' id='line_1_14' title="bbox 92 2154 1189 2240; baseline 0.001 -21"><span class='ocrx_word' id='word_1_96' title='bbox 92 2155 193 2221; x_wconf 82' lang='lat' dir='ltr'>sidiio</span> <span class='ocrx_word' id='word_1_97' title='bbox 214 2176 324 2221; x_wconf 80' lang='lat' dir='ltr'>curere</span> <span class='ocrx_word' id='word_1_98' title='bbox 342 2175 525 2234; x_wconf 87' lang='lat' dir='ltr'>possumus:</span> <span class='ocrx_word' id='word_1_99' title='bbox 548 2154 644 2240; x_wconf 82' lang='lat' dir='ltr'>longe</span> <span class='ocrx_word' id='word_1_100' title='bbox 660 2155 753 2237; x_wconf 86' lang='lat' dir='ltr'>plum</span> <span class='ocrx_word' id='word_1_101' title='bbox 765 2154 843 2218; x_wconf 76' lang='lat' dir='ltr'>aliis</span> <span class='ocrx_word' id='word_1_102' title='bbox 860 2164 992 2236; x_wconf 77' lang='lat' dir='ltr'>occepta</span> <span class='ocrx_word' id='word_1_103' title='bbox 1006 2158 1189 2233; x_wconf 78' lang='lat' dir='ltr'>referimus,</span> 
     </span>
     <span class='ocr_line' id='line_1_15' title="bbox 92 2272 1189 2354; baseline 0.003 -19"><span class='ocrx_word' id='word_1_104' title='bbox 92 2294 193 2352; x_wconf 80' lang='lat' dir='ltr'>quum</span> <span class='ocrx_word' id='word_1_105' title='bbox 217 2293 448 2353; x_wconf 74' lang='lat' dir='ltr'>saepenumero</span> <span class='ocrx_word' id='word_1_106' title='bbox 469 2281 506 2337; x_wconf 87' lang='lat' dir='ltr'>ut</span> <span class='ocrx_word' id='word_1_107' title='bbox 527 2272 741 2339; x_wconf 80' lang='lat' dir='ltr'>confiteamur</span> <span class='ocrx_word' id='word_1_108' title='bbox 764 2295 783 2336; x_wconf 85' lang='lat' dir='ltr'><strong>a</strong></span> <span class='ocrx_word' id='word_1_109' title='bbox 805 2272 898 2337; x_wconf 84' lang='lat' dir='ltr'>uobis</span> <span class='ocrx_word' id='word_1_110' title='bbox 919 2275 1129 2354; x_wconf 81' lang='lat' dir='ltr'>impetramus</span> <span class='ocrx_word' id='word_1_111' title='bbox 1151 2294 1189 2338; x_wconf 81' lang='lat' dir='ltr'>oo</span> 
     </span>
     <span class='ocr_line' id='line_1_16' title="bbox 95 2390 1189 2470; baseline 0.001 -17"><span class='ocrx_word' id='word_1_112' title='bbox 95 2393 124 2453; x_wconf 89' lang='lat' dir='ltr'>si</span> <span class='ocrx_word' id='word_1_113' title='bbox 150 2393 205 2469; x_wconf 86' lang='lat' dir='ltr'>qui</span> <span class='ocrx_word' id='word_1_114' title='bbox 227 2391 327 2453; x_wconf 81' lang='lat' dir='ltr'>vium</span> <span class='ocrx_word' id='word_1_115' title='bbox 350 2411 480 2469; x_wconf 79' lang='lat' dir='ltr'>prorsus</span> <span class='ocrx_word' id='word_1_116' title='bbox 502 2390 682 2457; x_wconf 81' lang='lat' dir='ltr'>solitarium</span> <span class='ocrx_word' id='word_1_117' title='bbox 700 2390 751 2455; x_wconf 80' lang='lat' dir='ltr'>uel</span> <span class='ocrx_word' id='word_1_118' title='bbox 768 2412 839 2455; x_wconf 91' lang='lat' dir='ltr'>cum</span> <span class='ocrx_word' id='word_1_119' title='bbox 859 2395 967 2470; x_wconf 82' lang='lat' dir='ltr'>paucis</span> <span class='ocrx_word' id='word_1_120' title='bbox 985 2401 1109 2455; x_wconf 79' lang='lat' dir='ltr'>tuntum</span> <span class='ocrx_word' id='word_1_121' title='bbox 1125 2394 1189 2454; x_wconf 88' lang='lat' dir='ltr'>iui-</span> 
     </span>
     <span class='ocr_line' id='line_1_17' title="bbox 91 2506 1188 2591; baseline -0.001 -20"><span class='ocrx_word' id='word_1_122' title='bbox 91 2516 160 2571; x_wconf 81' lang='lat' dir='ltr'>tem</span> <span class='ocrx_word' id='word_1_123' title='bbox 183 2507 299 2591; x_wconf 82' lang='lat' dir='ltr'>degere</span> <span class='ocrx_word' id='word_1_124' title='bbox 322 2510 357 2571; x_wconf 83' lang='lat' dir='ltr'>iu</span> <span class='ocrx_word' id='word_1_125' title='bbox 379 2516 519 2575; x_wconf 87' lang='lat' dir='ltr'>mentem</span> <span class='ocrx_word' id='word_1_126' title='bbox 542 2510 758 2587; x_wconf 88' lang='lat' dir='ltr'>induxerunt,</span> <span class='ocrx_word' id='word_1_127' title='bbox 788 2509 821 2572; x_wconf 93' lang='lat' dir='ltr'>id</span> <span class='ocrx_word' id='word_1_128' title='bbox 853 2531 949 2591; x_wconf 81' lang='lat' dir='ltr'>quum</span> <span class='ocrx_word' id='word_1_129' title='bbox 979 2507 1080 2573; x_wconf 83' lang='lat' dir='ltr'>solius</span> <span class='ocrx_word' id='word_1_130' title='bbox 1109 2506 1188 2571; x_wconf 85' lang='lat' dir='ltr'>¹reli·</span> 
     </span>
     <span class='ocr_line' id='line_1_18' title="bbox 91 2622 1189 2712; baseline -0.002 -23"><span class='ocrx_word' id='word_1_131' title='bbox 91 2628 202 2710; x_wconf 76' lang='lat' dir='ltr'>gionis</span> <span class='ocrx_word' id='word_1_132' title='bbox 230 2628 300 2689; x_wconf 86' lang='lat' dir='ltr'>sive</span> <span class='ocrx_word' id='word_1_133' title='bbox 334 2624 387 2689; x_wconf 88' lang='lat' dir='ltr'>dci</span> <span class='ocrx_word' id='word_1_134' title='bbox 408 2647 506 2691; x_wconf 79' lang='lat' dir='ltr'>causa</span> <span class='ocrx_word' id='word_1_135' title='bbox 529 2627 756 2712; x_wconf 79' lang='lat' dir='ltr'>aliquomodo</span> <span class='ocrx_word' id='word_1_136' title='bbox 779 2627 1067 2699; x_wconf 76' lang='lat' dir='ltr'>admittimustum</span> <span class='ocrx_word' id='word_1_137' title='bbox 1091 2622 1189 2691; x_wconf 80' lang='lat' dir='ltr'>focile</span> 
     </span>
     <span class='ocr_line' id='line_1_19' title="bbox 93 2741 1189 2826; baseline -0.003 -20"><span class='ocrx_word' id='word_1_138' title='bbox 93 2741 326 2826; x_wconf 81' lang='lat' dir='ltr'>intelligimus,</span> <span class='ocrx_word' id='word_1_139' title='bbox 350 2750 450 2806; x_wconf 86' lang='lat' dir='ltr'>totum</span> <span class='ocrx_word' id='word_1_140' title='bbox 474 2746 567 2811; x_wconf 87' lang='lat' dir='ltr'>istum</span> <span class='ocrx_word' id='word_1_141' title='bbox 590 2746 721 2810; x_wconf 85' lang='lat' dir='ltr'>vivendi</span> <span class='ocrx_word' id='word_1_142' title='bbox 743 2748 901 2813; x_wconf 81' lang='lat' dir='ltr'>rationem</span> <span class='ocrx_word' id='word_1_143' title='bbox 922 2768 942 2808; x_wconf 88' lang='lat' dir='ltr'>u</span> <span class='ocrx_word' id='word_1_144' title='bbox 965 2742 1114 2809; x_wconf 81' lang='lat' dir='ltr'>conciliis</span> <span class='ocrx_word' id='word_1_145' title='bbox 1133 2741 1189 2804; x_wconf 89' lang='lat' dir='ltr'>dei</span> 
     </span>
     <span class='ocr_line' id='line_1_20' title="bbox 95 2860 1189 2943; baseline -0.002 -20"><span class='ocrx_word' id='word_1_146' title='bbox 95 2881 173 2924; x_wconf 87' lang='lat' dir='ltr'>vere</span> <span class='ocrx_word' id='word_1_147' title='bbox 202 2864 374 2939; x_wconf 85' lang='lat' dir='ltr'>perspectis</span> <span class='ocrx_word' id='word_1_148' title='bbox 403 2861 498 2940; x_wconf 82' lang='lat' dir='ltr'>piune</span> <span class='ocrx_word' id='word_1_149' title='bbox 526 2885 599 2926; x_wconf 87' lang='lat' dir='ltr'>esse</span> <span class='ocrx_word' id='word_1_150' title='bbox 628 2862 768 2925; x_wconf 73' lang='lat' dir='ltr'>alienum</span> <span class='ocrx_word' id='word_1_151' title='bbox 798 2870 832 2927; x_wconf 89' lang='lat' dir='ltr'>ct</span> <span class='ocrx_word' id='word_1_152' title='bbox 858 2885 955 2943; x_wconf 86' lang='lat' dir='ltr'>quum</span> <span class='ocrx_word' id='word_1_153' title='bbox 983 2861 1102 2923; x_wconf 84' lang='lat' dir='ltr'>habeut</span> <span class='ocrx_word' id='word_1_154' title='bbox 1122 2860 1189 2921; x_wconf 83' lang='lat' dir='ltr'>vim</span> 
     </span>
     <span class='ocr_line' id='line_1_21' title="bbox 102 2973 1189 3055; baseline -0.003 -16"><span class='ocrx_word' id='word_1_155' title='bbox 102 2974 322 3053; x_wconf 78' lang='lat' dir='ltr'>salutiferum,</span> <span class='ocrx_word' id='word_1_156' title='bbox 346 2975 428 3039; x_wconf 84' lang='lat' dir='ltr'>huuc</span> <span class='ocrx_word' id='word_1_157' title='bbox 450 2999 487 3040; x_wconf 90' lang='lat' dir='ltr'>re</span> <span class='ocrx_word' id='word_1_158' title='bbox 509 2980 689 3040; x_wconf 75' lang='lat' dir='ltr'>accuratius</span> <span class='ocrx_word' id='word_1_159' title='bbox 712 2998 871 3055; x_wconf 79' lang='lat' dir='ltr'>excussu,</span> <span class='ocrx_word' id='word_1_160' title='bbox 903 2977 1032 3041; x_wconf 84' lang='lat' dir='ltr'>haurire</span> <span class='ocrx_word' id='word_1_161' title='bbox 1059 2973 1189 3037; x_wconf 80' lang='lat' dir='ltr'>tandem</span> 
     </span>
     <span class='ocr_line' id='line_1_22' title="bbox 51 3074 1190 3176; baseline -0.004 -18"><span class='ocrx_word' id='word_1_162' title='bbox 51 3074 57 3081; x_wconf 41' lang='lat'><strong><em>¹</em></strong></span> <span class='ocrx_word' id='word_1_163' title='bbox 98 3074 276 3159; x_wconf 75' lang='lat' dir='ltr'>maximam</span> <span class='ocrx_word' id='word_1_164' title='bbox 301 3100 387 3157; x_wconf 87' lang='lat' dir='ltr'>certe</span> <span class='ocrx_word' id='word_1_165' title='bbox 408 3086 532 3173; x_wconf 83' lang='lat' dir='ltr'>partem</span> <span class='ocrx_word' id='word_1_166' title='bbox 557 3114 603 3157; x_wconf 80' lang='lat' dir='ltr'>ex</span> <span class='ocrx_word' id='word_1_167' title='bbox 627 3092 683 3155; x_wconf 81' lang='lat' dir='ltr'>ille</span> <span class='ocrx_word' id='word_1_168' title='bbox 699 3097 903 3175; x_wconf 68' lang='lat' dir='ltr'>simperto,</span> <span class='ocrx_word' id='word_1_169' title='bbox 927 3115 988 3176; x_wconf 76' lang='lat' dir='ltr'>pue</span> <span class='ocrx_word' id='word_1_170' title='bbox 1008 3091 1190 3157; x_wconf 78' lang='lat' dir='ltr'>istiusmodi</span> 
     </span>
     <span class='ocr_line' id='line_1_23' title="bbox 95 3196 1230 3294; baseline 0.001 -21"><span class='ocrx_word' id='word_1_171' title='bbox 95 3206 245 3273; x_wconf 84' lang='lat' dir='ltr'>homines</span> <span class='ocrx_word' id='word_1_172' title='bbox 267 3213 301 3273; x_wconf 91' lang='lat' dir='ltr'>iu</span> <span class='ocrx_word' id='word_1_173' title='bbox 325 3210 440 3274; x_wconf 85' lang='lat' dir='ltr'>mediis</span> <span class='ocrx_word' id='word_1_174' title='bbox 455 3209 590 3291; x_wconf 84' lang='lat' dir='ltr'>reliquis</span> <span class='ocrx_word' id='word_1_175' title='bbox 604 3209 789 3277; x_wconf 83' lang='lat' dir='ltr'>horninibus</span> <span class='ocrx_word' id='word_1_176' title='bbox 806 3196 1006 3279; x_wconf 71' lang='lat' dir='ltr'>vixerunt&#39;et</span> <span class='ocrx_word' id='word_1_177' title='bbox 1021 3214 1192 3294; x_wconf 83' lang='lat' dir='ltr'>viguerunt</span> <span class='ocrx_word' id='word_1_178' title='bbox 1227 3252 1230 3260; x_wconf 86' lang='lat'>-</span> 
     </span>
     <span class='ocr_line' id='line_1_24' title="bbox 97 3325 1190 3409; baseline -0.005 -18"><span class='ocrx_word' id='word_1_179' title='bbox 97 3348 158 3395; x_wconf 82' lang='lat' dir='ltr'>noo</span> <span class='ocrx_word' id='word_1_180' title='bbox 181 3325 283 3390; x_wconf 84' lang='lat' dir='ltr'>ulium</span> <span class='ocrx_word' id='word_1_181' title='bbox 306 3325 425 3391; x_wconf 79' lang='lat' dir='ltr'>habere</span> <span class='ocrx_word' id='word_1_182' title='bbox 447 3333 598 3408; x_wconf 83' lang='lat' dir='ltr'>pretium,</span> <span class='ocrx_word' id='word_1_183' title='bbox 623 3330 855 3408; x_wconf 80' lang='lat' dir='ltr'>nisiquatenus</span> <span class='ocrx_word' id='word_1_184' title='bbox 870 3330 1018 3409; x_wconf 84' lang='lat' dir='ltr'>quamvis</span> <span class='ocrx_word' id='word_1_185' title='bbox 1031 3325 1190 3401; x_wconf 76' lang='lat' dir='ltr'>solitario,</span> 
     </span>
     <span class='ocr_line' id='line_1_25' title="bbox 95 3439 1193 3539; baseline -0.005 -33"><span class='ocrx_word' id='word_1_186' title='bbox 95 3465 168 3508; x_wconf 88' lang='lat' dir='ltr'>cnm</span> <span class='ocrx_word' id='word_1_187' title='bbox 191 3446 260 3507; x_wconf 81' lang='lat' dir='ltr'>vita</span> <span class='ocrx_word' id='word_1_188' title='bbox 282 3448 443 3509; x_wconf 86' lang='lat' dir='ltr'>communi</span> <span class='ocrx_word' id='word_1_189' title='bbox 463 3444 648 3511; x_wconf 77' lang='lat' dir='ltr'>cohaerent.</span> <span class='ocrx_word' id='word_1_190' title='bbox 692 3444 779 3519; x_wconf 79' lang='lat' dir='ltr'>Quid</span> <span class='ocrx_word' id='word_1_191' title='bbox 801 3450 908 3507; x_wconf 83' lang='lat' dir='ltr'>sutem</span> <span class='ocrx_word' id='word_1_192' title='bbox 932 3439 1101 3539; x_wconf 82' lang='lat' dir='ltr'>dicendum</span> <span class='ocrx_word' id='word_1_193' title='bbox 1132 3461 1193 3519; x_wconf 87' lang='lat' dir='ltr'>pn-</span> 
     </span>
     <span class='ocr_line' id='line_1_26' title="bbox 95 3555 1191 3644; baseline -0.004 -19"><span class='ocrx_word' id='word_1_194' title='bbox 95 3560 238 3625; x_wconf 81' lang='lat' dir='ltr'>tubimus</span> <span class='ocrx_word' id='word_1_195' title='bbox 253 3561 293 3623; x_wconf 91' lang='lat' dir='ltr'>de</span> <span class='ocrx_word' id='word_1_196' title='bbox 307 3563 375 3624; x_wconf 82' lang='lat' dir='ltr'>vitu</span> <span class='ocrx_word' id='word_1_197' title='bbox 391 3561 432 3624; x_wconf 83' lang='lat' dir='ltr'>ud</span> <span class='ocrx_word' id='word_1_198' title='bbox 448 3565 604 3644; x_wconf 77' lang='lat' dir='ltr'>muJorem</span> <span class='ocrx_word' id='word_1_199' title='bbox 621 3560 853 3640; x_wconf 80' lang='lat' dir='ltr'>perfectionem</span> <span class='ocrx_word' id='word_1_200' title='bbox 870 3556 1002 3623; x_wconf 61' lang='lat' dir='ltr'>evecta?</span> <span class='ocrx_word' id='word_1_201' title='bbox 1025 3555 1191 3621; x_wconf 81' lang='lat' dir='ltr'>Videlicet</span> 
     </span>
     <span class='ocr_line' id='line_1_27' title="bbox 94 3674 1189 3759; baseline -0.006 -14"><span class='ocrx_word' id='word_1_202' title='bbox 94 3684 249 3745; x_wconf 75' lang='lat' dir='ltr'>ineuntur</span> <span class='ocrx_word' id='word_1_203' title='bbox 269 3681 441 3745; x_wconf 77' lang='lat' dir='ltr'>societates</span> <span class='ocrx_word' id='word_1_204' title='bbox 462 3683 533 3745; x_wconf 83' lang='lat' dir='ltr'>siue</span> <span class='ocrx_word' id='word_1_205' title='bbox 550 3682 718 3756; x_wconf 81' lang='lat' dir='ltr'>civitates,</span> <span class='ocrx_word' id='word_1_206' title='bbox 741 3675 855 3759; x_wconf 82' lang='lat' dir='ltr'>quibus</span> <span class='ocrx_word' id='word_1_207' title='bbox 873 3674 1021 3739; x_wconf 84' lang='lat' dir='ltr'>homines</span> <span class='ocrx_word' id='word_1_208' title='bbox 1041 3677 1189 3741; x_wconf 85' lang='lat' dir='ltr'>innumo-</span> 
     </span>
     <span class='ocr_line' id='line_1_28' title="bbox 95 3793 1201 3879; baseline -0.005 -16"><span class='ocrx_word' id='word_1_209' title='bbox 95 3796 256 3864; x_wconf 83' lang='lat' dir='ltr'>mbilibus</span> <span class='ocrx_word' id='word_1_210' title='bbox 281 3796 573 3865; x_wconf 83' lang='lat' dir='ltr'>necessitudinibus</span> <span class='ocrx_word' id='word_1_211' title='bbox 596 3799 682 3863; x_wconf 87' lang='lat' dir='ltr'>inter</span> <span class='ocrx_word' id='word_1_212' title='bbox 703 3817 739 3859; x_wconf 86' lang='lat' dir='ltr'>se</span> <span class='ocrx_word' id='word_1_213' title='bbox 761 3793 973 3879; x_wconf 74' lang='lat' dir='ltr'>colliguntur,</span> <span class='ocrx_word' id='word_1_214' title='bbox 1002 3793 1043 3856; x_wconf 82' lang='lat' dir='ltr'>ud</span> <span class='ocrx_word' id='word_1_215' title='bbox 1071 3814 1108 3857; x_wconf 80' lang='lat' dir='ltr'>sc</span> <span class='ocrx_word' id='word_1_216' title='bbox 1138 3794 1201 3857; x_wconf 81' lang='lat' dir='ltr'>in·-</span> 
     </span>
     <span class='ocr_line' id='line_1_29' title="bbox 97 3907 1191 3998; baseline -0.007 -18"><span class='ocrx_word' id='word_1_217' title='bbox 97 3919 203 3983; x_wconf 74' lang='lat' dir='ltr'>vicem</span> <span class='ocrx_word' id='word_1_218' title='bbox 224 3916 420 3996; x_wconf 81' lang='lat' dir='ltr'>referuntur,</span> <span class='ocrx_word' id='word_1_219' title='bbox 442 3936 487 3980; x_wconf 85' lang='lat' dir='ltr'>ex</span> <span class='ocrx_word' id='word_1_220' title='bbox 509 3911 645 3998; x_wconf 75' lang='lat' dir='ltr'>singulis</span> <span class='ocrx_word' id='word_1_221' title='bbox 667 3909 751 3975; x_wconf 88' lang='lat' dir='ltr'>fiunt</span> <span class='ocrx_word' id='word_1_222' title='bbox 771 3933 869 3977; x_wconf 91' lang='lat' dir='ltr'>unum</span> <span class='ocrx_word' id='word_1_223' title='bbox 892 3911 1053 3992; x_wconf 80' lang='lat' dir='ltr'>quiddam</span> <span class='ocrx_word' id='word_1_224' title='bbox 1097 3907 1191 3983; x_wconf 82' lang='lat' dir='ltr'>Prin·</span> 
     </span>
     <span class='ocr_line' id='line_1_30' title="bbox 96 4026 1195 4121; baseline -0.012 -22"><span class='ocrx_word' id='word_1_225' title='bbox 96 4054 175 4115; x_wconf 79' lang='lat' dir='ltr'>ceps</span> <span class='ocrx_word' id='word_1_226' title='bbox 195 4036 418 4108; x_wconf 70' lang='lat' dir='ltr'>constituitnn</span> <span class='ocrx_word' id='word_1_227' title='bbox 440 4036 535 4116; x_wconf 85' lang='lat' dir='ltr'>cujus</span> <span class='ocrx_word' id='word_1_228' title='bbox 556 4053 637 4113; x_wconf 85' lang='lat' dir='ltr'>quse</span> <span class='ocrx_word' id='word_1_229' title='bbox 659 4031 801 4094; x_wconf 90' lang='lat' dir='ltr'>omnium</span> <span class='ocrx_word' id='word_1_230' title='bbox 825 4038 875 4094; x_wconf 87' lang='lat' dir='ltr'>est</span> <span class='ocrx_word' id='word_1_231' title='bbox 895 4026 1106 4121; x_wconf 81' lang='lat' dir='ltr'>conscientia,</span> <span class='ocrx_word' id='word_1_232' title='bbox 1127 4044 1195 4087; x_wconf 86' lang='lat' dir='ltr'>nou</span> 
     </span>
     <span class='ocr_line' id='line_1_31' title="bbox 97 4142 1194 4232; baseline -0.004 -17"><span class='ocrx_word' id='word_1_233' title='bbox 97 4148 240 4231; x_wconf 74' lang='lat' dir='ltr'>amplius</span> <span class='ocrx_word' id='word_1_234' title='bbox 250 4148 377 4214; x_wconf 76' lang='lat' dir='ltr'>arbitrii</span> <span class='ocrx_word' id='word_1_235' title='bbox 392 4159 452 4231; x_wconf 81' lang='lat' dir='ltr'>cut,</span> <span class='ocrx_word' id='word_1_236' title='bbox 469 4150 625 4232; x_wconf 87' lang='lat' dir='ltr'>quomodo</span> <span class='ocrx_word' id='word_1_237' title='bbox 640 4147 782 4211; x_wconf 87' lang='lat' dir='ltr'>subditos</span> <span class='ocrx_word' id='word_1_238' title='bbox 796 4155 888 4228; x_wconf 83' lang='lat' dir='ltr'>regat</span> <span class='ocrx_word' id='word_1_239' title='bbox 901 4167 939 4209; x_wconf 83' lang='lat' dir='ltr'>ac</span> <span class='ocrx_word' id='word_1_240' title='bbox 956 4143 1122 4228; x_wconf 80' lang='lat' dir='ltr'>gubernet,</span> <span class='ocrx_word' id='word_1_241' title='bbox 1136 4142 1194 4211; x_wconf 73' lang='lat' dir='ltr'>flod</span> 
     </span>
     <span class='ocr_line' id='line_1_32' title="bbox 99 4263 1195 4344; baseline -0.008 -10"><span class='ocrx_word' id='word_1_242' title='bbox 99 4272 152 4334; x_wconf 87' lang='lat' dir='ltr'>cui</span> <span class='ocrx_word' id='word_1_243' title='bbox 175 4267 236 4331; x_wconf 88' lang='lat' dir='ltr'>hoc</span> <span class='ocrx_word' id='word_1_244' title='bbox 260 4269 497 4335; x_wconf 79' lang='lat' dir='ltr'>sanctissimum</span> <span class='ocrx_word' id='word_1_245' title='bbox 518 4268 649 4333; x_wconf 85' lang='lat' dir='ltr'>videtur</span> <span class='ocrx_word' id='word_1_246' title='bbox 671 4263 811 4331; x_wconf 89' lang='lat' dir='ltr'>officium</span> <span class='ocrx_word' id='word_1_247' title='bbox 832 4264 1018 4344; x_wconf 89' lang='lat' dir='ltr'>impositum</span> <span class='ocrx_word' id='word_1_248' title='bbox 1040 4282 1131 4342; x_wconf 75' lang='lat' dir='ltr'>esso,</span> <span class='ocrx_word' id='word_1_249' title='bbox 1158 4270 1195 4327; x_wconf 88' lang='lat' dir='ltr'>nt</span> 
     </span>
    </p>
   </div>
   <div class='ocr_carea' id='block_1_4' title="bbox 103 4382 1195 4470">
    <p class='ocr_par' dir='ltr' id='par_1_4' title="bbox 103 4382 1195 4470">
     <span class='ocr_line' id='line_1_33' title="bbox 103 4382 1195 4470; baseline -0.007 -19"><span class='ocrx_word' id='word_1_250' title='bbox 103 4390 202 4453; x_wconf 84' lang='lat' dir='ltr'>etium</span> <span class='ocrx_word' id='word_1_251' title='bbox 226 4389 289 4466; x_wconf 84' lang='lat' dir='ltr'>iis,</span> <span class='ocrx_word' id='word_1_252' title='bbox 310 4386 366 4466; x_wconf 85' lang='lat' dir='ltr'>qui</span> <span class='ocrx_word' id='word_1_253' title='bbox 391 4388 493 4465; x_wconf 87' lang='lat' dir='ltr'>ipsius</span> <span class='ocrx_word' id='word_1_254' title='bbox 514 4388 652 4470; x_wconf 86' lang='lat' dir='ltr'>imperio</span> <span class='ocrx_word' id='word_1_255' title='bbox 673 4383 795 4449; x_wconf 89' lang='lat' dir='ltr'>subditi</span> <span class='ocrx_word' id='word_1_256' title='bbox 815 4383 872 4449; x_wconf 84' lang='lat' dir='ltr'>sed</span> <span class='ocrx_word' id='word_1_257' title='bbox 886 4383 1058 4451; x_wconf 80' lang='lat' dir='ltr'>admodum</span> <span class='ocrx_word' id='word_1_258' title='bbox 1073 4382 1195 4462; x_wconf 82' lang='lat' dir='ltr'>abipso</span> 
     </span>
    </p>
   </div>
   <div class='ocr_carea' id='block_1_5' title="bbox 0 0 1526 5376">
    <p class='ocr_par' dir='ltr' id='par_1_5' title="bbox 0 0 1526 5376">
     <span class='ocr_line' id='line_1_34' title="bbox 0 0 1526 5376; baseline 0 0"><span class='ocrx_word' id='word_1_259' title='bbox 0 0 1526 5376; x_wconf 95' lang='lat' dir='ltr'> </span> 
     </span>
    </p>
   </div>
  </div>
 </body>
</html>
