3044 5376
771 449 996 512 ..3-

338 649 397 690 nec
420 628 551 688 omnino
574 630 625 685 est
647 622 781 702 idonea,
811 643 893 702 qnae
914 624 1014 684 totius
1036 622 1202 687 doctrinae
1225 620 1430 702 dogmaticae
1513 670 1514 679 ,

335 741 526 822 principium
549 741 775 804 constituatur.
830 738 931 803 lmmo
954 738 1015 802 hac
1037 741 1106 819 ipsa
1128 741 1162 802 in
1184 760 1219 801 re
1242 735 1430 820 theologiae

336 858 747 922 Sceuuruauscusammu
761 880 849 922 error
865 856 1052 939 principalis
1065 858 1250 920 continetur
1266 876 1325 918 nec
1339 876 1432 938 argu-

335 984 478 1038 mentum
502 996 560 1055 pro
582 975 635 1038 dei
658 978 836 1039 existentia
862 977 935 1038 istic
957 982 1065 1056 potest
1086 973 1224 1036 fundari.
1268 970 1431 1048 Nimirum

336 1094 446 1157 statim
479 1090 540 1154 boc
567 1091 641 1156 loco
671 1093 801 1157 disertis
833 1092 941 1157 verbis
970 1088 1142 1174 profiteor,
1172 1091 1432 1170 quandoquidem

337 1218 446 1273 nostra
467 1210 595 1291 quidem
619 1213 775 1274 memoria
797 1232 862 1272 nou
882 1218 996 1290 sponte
1018 1205 1229 1291 intelligitur:
1253 1210 1347 1271 deum
1365 1228 1432 1269 non

337 1325 486 1412 intelligo
508 1329 573 1391 uisi
590 1348 764 1414 personam
784 1336 818 1394 et
837 1341 974 1391 omnem-
989 1348 1040 1390 me
1062 1327 1242 1388 doctrinam
1265 1323 1319 1388 vel
1335 1345 1432 1407 argu·
1513 1356 1514 1377 ι

336 1447 589 1524 ruentationem,
612 1466 694 1524 quae
716 1444 888 1525 profitetur
909 1444 1147 1524 pantheismum
1167 1445 1189 1504 i.
1210 1465 1239 1507 e.
1257 1443 1351 1505 deum
1368 1443 1431 1503 im-

337 1560 558 1641 personalem,
582 1559 701 1623 habere
720 1559 922 1623 atheismum.
973 1557 1041 1621 Nec
1058 1561 1262 1638 arrogantiae
1279 1557 1311 1619 id
1326 1566 1434 1636 potest

337 1674 489 1754 attribui,
512 1695 607 1753 quum
630 1675 706 1738 inde
725 1675 766 1739 ab
780 1676 1013 1756 antiquissimis
1031 1671 1229 1752 temporibus
1245 1652 1297 1739 dei
1309 1694 1432 1736 nornen

337 1813 464 1872 cornipes
495 1793 564 1854 fere
591 1811 754 1875 personae
781 1793 881 1855 luerit
911 1792 1048 1855 inditum
1078 1797 1173 1868 atque
1202 1797 1239 1852 ut
1269 1808 1433 1873 personae
1513 1798 1514 1825 ¹

337 1909 518 1993 designatio
540 1930 598 1990 per
619 1907 787 1992 religionis
808 1906 984 1986 revelatae,
1007 1909 1102 1989 cujus
1125 1928 1241 1970 nomen
1259 1914 1434 1989 gestamus,

339 2030 564 2091 auctoritatem
588 2029 632 2089 sit
648 2033 880 2091 consecratum.
926 2024 1063 2088 Minime
1081 2024 1163 2107 fugit
1179 2045 1242 2102 me,
1264 2022 1348 2103 quod
1363 2019 1435 2083 lla·

340 2164 461 2211 1111111
478 2144 505 2225 *l
536 2152 631 2221 atque
662 2146 793 2207 omnino
824 2142 934 2205 schola
964 2140 1147 2224 Hegeliana
1171 2141 1315 2202 severior
1337 2140 1381 2220 (v.
1406 2161 1434 2199 c.
1513 2184 1514 2201 .

341 2259 560 2324 Marbeineuc.
595 2269 627 2322 et
654 2257 876 2323 Schweizerus
904 2258 985 2320 adeo
1016 2261 1050 2320 in
1081 2256 1437 2337 concionibussacris)
1513 2314 1514 2353 ;

340 2376 578 2458 pantheismum
603 2379 802 2440 intruserunt
823 2375 974 2461 religioni
998 2374 1193 2467 christianae
1215 2383 1248 2438 et
1269 2374 1437 2438 doctrinae
1513 2366 1514 2447 f

342 2495 592 2559 ecclesiasticae.
639 2493 762 2558 Verum
794 2493 854 2556 boc
884 2515 947 2556 non
978 2476 1105 2574 poterat
1127 2491 1274 2555 accidere
1298 2494 1360 2554 nisi
1383 2493 1438 2570 iis,

342 2615 394 2693 qui
418 2620 474 2675 aut
498 2611 662 2695 ejusmodi
683 2613 840 2691 principia
858 2610 1099 2675 hermeneutica
1113 2608 1296 2690 probarent,
1322 2600 1439 2688 quibus
1513 2620 1514 2657 1

343 2727 421 2792 olim
445 2727 570 2797 Ksn'rrt
595 2730 823 2814 interpretatio
838 2727 971 2791 moralis
989 2728 1152 2792 nitebatur
1167 2736 1223 2791 aut
1238 2729 1309 2790 sani
1324 2746 1439 2788 sensus

343 2848 507 2929 exegetici
530 2855 638 2910 assent
660 2856 823 2928 expertes.
868 2845 941 2910 Non
973 2867 1051 2910 curo
1080 2846 1228 2925 equidem
1259 2839 1320 2906 boc
1352 2840 1438 2919 loco,

344 2965 399 3031 ubi
424 2964 506 3030 bauo
528 2987 594 3030 rem
619 2966 722 3048 magis
744 2963 810 3028 levi
833 2963 966 3029 brachio
986 2971 1130 3028 tacturus
1153 2984 1224 3047 sum
1247 2981 1341 3041 quam
1365 2980 1439 3039 per-

343 3091 529 3161 secuturus,
566 3081 616 3145 vel
646 3081 672 3143 F
676 3080 809 3145 ichtium
843 3081 1049 3165 (juniorem)
1088 3080 1140 3145 vel
1171 3078 1349 3144 Weissium
1386 3074 1439 3138 vel

342 3195 508 3261 Hannium
534 3195 587 3264 vel
610 3194 713 3276 alios,
744 3200 796 3281 qui
825 3203 1005 3263 recentiore
1034 3206 1177 3279 tempore
1200 3194 1440 3278 pantheismum

344 3322 570 3399 coagmentare
594 3314 786 3379 studuerunt
808 3335 880 3379 cum
904 3315 1027 3381 deismo
1048 3325 1145 3396 atque
1161 3319 1209 3380 ita
1224 3334 1297 3375 meu
1312 3310 1440 3391 quidem

344 3435 552 3510 persuasione
569 3439 602 3495 et
619 3431 775 3496 deismum
791 3442 825 3498 et
838 3431 1077 3514 pantheismum
1086 3438 1315 3515 corruperunt.
1356 3427 1440 3492 lllud

345 3569 422 3609 vero
447 3530 479 3612 iu
502 3549 614 3612 oculos
637 3553 790 3631 incurrit,
812 3556 841 3617 si
864 3556 936 3635 quis
957 3552 1011 3616 vel
1031 3549 1229 3617 materaliter
1244 3558 1281 3613 ut
1295 3548 1441 3612 Sarnous

346 3670 379 3726 et
401 3663 649 3731 Scuuumuorus
673 3665 726 3729 vel
750 3668 901 3732 idealiter
930 3678 966 3732 ut
992 3668 1170 3733 Huuaurus
1200 3669 1256 3751 (cl.
1283 3666 1441 3745 imprimis
1494 3682 1499 3691 ·

311 3822 315 3827 ι
345 3777 540 3847 vernicellae
561 3777 734 3860 Schriften
757 3793 834 3848 tom.
849 3782 962 3851 XVll.
984 3809 1014 3866 p.
1031 3787 1086 3870 8.),
1108 3791 1203 3871 cujus
1225 3786 1371 3870 vestigiis
1389 3784 1440 3846 in-

346 3902 499 3965 stiterunt
509 3897 665 3964 Dsuums
683 3896 839 3988 (theolog.
858 3927 886 3984 p.
901 3905 986 3986 111.)
1006 3903 1176 3973 Marsuam.
1195 3900 1444 3986 (Grundledren

346 4016 405 4089 der
421 4015 546 4083 cdriell.
568 4017 721 4104 Dogmat.
747 4028 777 4084 2.
795 4023 900 4108 Ausg.
918 4027 1011 4087 1829.
1029 4045 1060 4103 p.
1075 4028 1126 4088 67.
1144 4029 1195 4088 88.
1209 4022 1277 4106 ”*).)
1300 4021 1340 4085 of.
1358 4019 1443 4085 llus.
1513 4038 1514 4093 1

343 4156 391 4163 -ι-
398 4158 574 4167 -o—..Q-

414 4205 447 4285 *)⁴
463 4219 571 4273 Maxime
591 4225 616 4273 in
636 4206 820 4292 „philosophia
837 4226 1001 4290 religionis“‚
1020 4224 1099 4273 minus
1121 4225 1145 4273 in
1164 4224 1426 4291 ,‚Eneyclopuedia“.

398 4298 444 4368 **)
464 4320 487 4369 p.
507 4306 549 4358 88.
569 4308 636 4368 „Es
652 4310 689 4359 ist
707 4310 756 4361 dim
772 4311 878 4362 Denlrou
895 4312 941 4362 des
962 4310 1067 4364 Wereos
1081 4310 1181 4374 Gottes,
1200 4309 1309 4362 welches
1326 4308 1382 4361 siclt
1400 4308 1445 4357 ale

347 4386 396 4437 dos
414 4386 496 4439 Seio
515 4389 605 4442 Gottes
622 4390 784 4446 bestimmt.“
818 4412 843 4461 p.
863 4396 907 4449 91.
925 4394 986 4459 „Es
1003 4397 1038 4447 ist
1057 4395 1118 4447 Gott
1136 4409 1221 4453 11111·
1239 4397 1282 4448 als
1300 4396 1349 4447 dos
1371 4393 1444 4448 Με-
