3044 5376
524 485 774 550 „71-

103 656 250 734 effeetus,
275 664 308 718 et
330 657 439 721 altero
461 663 642 740 peripsam
666 666 740 746 ejus
762 636 936 726 essentiam
950 665 1020 726 sive
1035 671 1193 747 naturam,

99 780 309 859 prioremque
340 777 373 837 in
404 777 614 841 meditatione
644 781 741 843 tertia
767 800 827 861 pro
853 779 976 844 viribus
999 781 1192 861 explanavi:

103 914 166 954 non
189 890 312 954 credidi
335 890 470 955 alteram
502 915 572 958 esse
595 904 707 975 postea
736 894 1096 976 praetermittendam.“
1139 900 1192 964 Iu-

102 1008 223 1091 telligit
245 1016 360 1072 autem
376 1010 616 1076 meditationem
640 1019 794 1093 quintam.
846 1013 969 1078 Habuit
991 1018 1090 1099 igitur
1112 1017 1192 1082 Car-

22 1114 28 1131 ‘
101 1128 205 1190 tesius
227 1134 450 1210 argumentum
473 1127 553 1191 illud
575 1129 731 1211 duplex,·
749 1132 834 1212 quod
863 1130 1000 1195 alteram
1023 1155 1067 1197 ex
1089 1134 1194 1200 altero

9 1250 10 1261 ¹
104 1266 167 1307 non
202 1251 288 1307 esset
316 1265 504 1324 suspensum
537 1255 569 1311 et
600 1267 772 1327 sanequam
806 1251 905 1312 mirus
935 1257 984 1312 est
1019 1273 1107 1315 error
1136 1254 1193 1318 ille

103 1362 356 1446 dogmaticorum
381 1361 539 1447 vulgaris,
562 1384 608 1427 ex
631 1386 693 1446 quo
715 1364 852 1429 alterum
877 1387 1000 1446 qaoque
1022 1389 1192 1453 argumen-

101 1487 171 1543 tum
187 1479 227 1542 al
244 1480 465 1560 probationem
481 1480 627 1545 referunt
645 1481 872 1566 outologicam.
904 1481 955 1546 Ab
971 1482 1104 1564 ficeto,
1124 1488 1195 1566 ipso

9 1572 15 1623 ἶ
105 1594 255 1659 Cartesio
281 1597 475 1677 interprete,
498 1597 733 1678 proficiscitur:
755 1603 896 1680 pertinet
917 1604 1016 1685 igitur
1037 1601 1077 1663 ad
1100 1624 1194 1687 argu·

10 1808 11 1811 ¹
40 1710 44 1717 ’
103 1722 246 1777 mentum
270 1713 537 1800 cosmologieum,
567 1716 676 1797 ibique
707 1717 798 1781 nobis
821 1739 944 1798 qnoque
967 1721 1195 1797 exponendum

104 1833 168 1892 erit
189 1838 222 1895 et
236 1829 445 1914 judicandum
462 1833 503 1912 *).
547 1832 660 1896 Nihilo
676 1837 781 1897 secius
797 1832 1015 1897 confitendum
1030 1843 1090 1914 est,
1114 1835 1196 1900 Car-

9 1968 11 2041 p
103 1950 223 2012 tesiam
245 1970 309 2010 non
334 1968 559 2028 usquequaque
589 1949 651 2013 sibi
682 1953 866 2014 constitisse
896 1958 928 2013 et
950 1953 984 2012 iu
1005 1950 1115 2014 eadem
1138 1952 1197 2017 illa

105 2069 314 2146 responsione
336 2064 375 2126 acl
400 2064 601 2148 objectiones
622 2069 762 2147 primas,
792 2070 981 2129 immensam
1005 2066 1059 2130 dei
1081 2077 1194 2149 poten-

105 2187 184 2247 tiam
209 2185 242 2245 in
264 2202 357 2246 usum
380 2191 492 2260 vocat,
522 2206 579 2264 per
609 2207 703 2265 quam
721 2187 851 2266 propria
873 2205 931 2246 sua
953 2187 987 2246 vi
1005 2193 1112 2268 poerit
1134 2210 1194 2251 ex·

9 2370 10 2399 ἶ
106 2310 209 2373 stare3
244 2322 320 2385 ergo
351 2323 426 2364 vere
457 2323 582 2381 semper
614 2310 733 2366 exstat.
789 2301 838 2363 En
869 2301 929 2363 tibi
963 2310 1197 2386 argumentatio

106 2416 296 2497 valdequam
321 2422 467 2503 egregia:
499 2424 638 2502 ponitur
660 2439 731 2481 esse
754 2418 848 2482 deum
871 2424 1136 2498 oronipotentem:
1159 2446 1197 2487 ac

9 2600 10 2607 χ
105 2537 249 2598 vicissim
271 2556 315 2598 ex
337 2542 434 2601 iet-ior
455 2537 506 2598 dei
529 2539 782 2616 omnipotentia,
812 2537 913 2615 ipsius
941 2539 1119 2601 existentia
1141 2540 1196 2603 de-

106 2654 242 2716 ducitur.
294 2653 416 2718 Verum
447 2656 577 2718 omuino
608 2676 672 2717 non
703 2661 808 2735 potest
837 2653 967 2716 dubium
997 2673 1086 2731 esse,
1122 2657 1199 2733 quin

10 2768 11 2775 '
110 2768 277 2835 Cartesius
296 2773 433 2837 alterum
449 2792 540 2835 annm
555 2781 778 2855 argumentum
802 2770 1077 2856 (cosmologicum)
1099 2767 1199 2849 pluris

107 2887 232 2966 fecerit,
256 2911 349 2967 quarn
372 2897 594 2971 argumentum
612 2889 840 2971 outologicum,
865 2892 958 2970 cujus
974 2908 1114 2951 errorem
1132 2887 1198 2948 lor-

106 3012 193 3064 tasse
223 3026 241 3067 e
270 3001 445 3087 longinquo
475 3003 726 3084 persentiseebat
754 3014 939 3067 nectameu
962 3002 1104 3067 inclara
1128 3001 1198 3064 luce

107 3118 268 3184 collocare
297 3131 433 3202 poterat.
480 3119 576 3184 Certe
607 3121 675 3184 sola
708 3127 943 3207 argumentatio
973 3118 1199 3203 cosmnlnginn,

108 3238 188 3317 qnod
211 3241 322 3319 sciam,
345 3246 476 3324 saepius
498 3262 518 3302 a
533 3237 682 3303 Cartesio
696 3242 731 3303 in
746 3241 881 3323 reliquis
895 3240 989 3305 libris
1004 3240 1197 3317 exponitur:

11 3356 12 3377 ³
110 3355 152 3417 el.
177 3356 322 3419 meditat.
345 3380 375 3436 p.
400 3364 451 3422 89.
476 3378 564 3437 prop.
587 3357 626 3421 ll.
650 3367 684 3421 et
706 3363 842 3439 princip.
866 3342 983 3439 philos.
1009 3354 1031 3419 l.
1058 3360 1108 3417 18.

193 3473 412 3537 Nihilominus
437 3483 545 3537 nostra
571 3495 695 3554 quoque
718 3477 987 3550 memoriarum,
1021 3474 1073 3552 qui
1104 3492 1199 3554 argu·

108 3593 210 3653 menti
233 3593 412 3676 ontologici
435 3595 646 3673 patrocinium
670 3594 881 3671 susceperint.
925 3589 1057 3652 Praeter
1086 3586 1199 3651 Danu-

108 3706 254 3773 xruomu
276 3708 562 3794 (Vertlreirlr'guog
583 3708 640 3771 der
656 3707 901 3793 ontologr'rclrerr
917 3706 1079 3771 Beroer‘rer
1103 3708 1200 3785 1786)

108 3810 332 3892 memorandus
356 3837 406 3892 est
429 3831 572 3890 maxime
596 3823 887 3890 Menouusouuws
912 3829 959 3904 (iu
981 3824 1084 3905 libro,
1107 3820 1200 3903 quem

109 3962 205 4023 supra
228 3947 323 4010 attuli
346 3943 653 4032 „Morgenrtoodeo
669 3948 779 4024 ete.“).
825 3942 875 4007 lle
898 3949 1087 4027 argumento
1107 3948 1200 4004 outo-

112 4132 319 4144 ----ι

179 4246 207 4316 *)
227 4248 360 4314 spiraeo,
384 4264 456 4315 quem
474 4247 634 4300 Billrotlrior
654 4263 710 4298 oum
728 4246 842 4298 Cartesio
861 4248 1001 4312 conponit,
1027 4260 1131 4312 prorsus
1153 4238 1202 4295 buc

113 4347 159 4380 non
179 4341 291 4397 spectat,
311 4336 401 4401 quippe
420 4335 462 4399 qui
481 4335 511 4384 ab
532 4334 583 4384 alia
601 4334 674 4399 plone
694 4334 735 4384 (lei
757 4332 857 4382 notione
879 4332 1008 4383 exordium
1029 4332 1119 4413 capiat.
1157 4330 1203 4380 lust

13 4414 14 4417 ’
115 4417 179 4467 enim
198 4420 338 4483 pantbeista
356 4419 510 4479 materialis,
530 4434 601 4483 quum
622 4419 750 4470 Cartesius
769 4419 804 4470 sit
820 4418 910 4468 delata.
