3044 5376
501 495 750 559 ..67-.

73 673 254 749 concipitur
284 675 317 731 et
346 671 539 748 exprimitur
572 691 730 751 quumque
760 671 838 735 inde
867 654 1088 737 tantummodo
1111 671 1169 735 illa

74 791 244 850 notionum
267 785 437 849 diversitas
458 782 667 865 profiscatur3
691 786 755 849 loci
774 794 893 865 autern,
918 785 970 848 ubi
990 789 1064 868 quid
1080 793 1167 872 eogi-

72 909 181 979 tetur,
211 904 355 965 odilonis
384 902 510 984 quidem
528 902 759 966 vdiversitatem
782 925 839 966 nec
862 909 970 966 tamen
992 912 1047 968 ree·
1066 908 1167 985 ipsius

43 1067 45 1071 <
73 1023 250 1081 constituat
265 1018 292 1100 ²²)
315 1022 385 1083 sive
406 1028 443 1083 ut
463 1017 539 1083 eliis
560 1026 633 1081 utar
656 1018 781 1084 verbis:
804 1043 898 1102 quum
917 1020 1010 1083 redeo
1026 1024 1167 1083 notionis

72 1139 234 1215 pertineat
255 1135 295 1196 ad
319 1139 502 1216 notionem,
532 1158 596 1200 non
622 1137 770 1215 adrem,
800 1160 881 1218 quae
904 1140 1036 1199 notione
1058 1140 1166 1200 conci-

12 1270 14 1277 ·
72 1256 176 1333 pitur:
201 1252 382 1333 ubicunque
406 1254 645 1333 notioperlecti
662 1263 895 1335 commoratur,
923 1257 1012 1316 omni
1028 1255 1164 1318 diversi·

73 1378 144 1462 tata
167 1371 249 1433 reali
273 1392 445 1449 concessa,·
472 1379 580 1434 tamen
609 1391 662 1434 rec
684 1372 755 1449 ipsa
777 1375 918 1456 cogitata
941 1393 1004 1435 non
1026 1381 1166 1435 mutatur

72 1509 134 1551 nec
165 1490 263 1571 igitur
295 1508 351 1566 eo,
383 1488 465 1567 quod
495 1487 547 1550 hic
580 1497 635 1550 aut
664 1486 732 1550 illic
755 1486 952 1567 collocatur,
979 1489 1166 1573 perfectior

12 1572 13 1581 ἵ
53 1619 56 1626 ’
70 1611 183 1685 potest
196 1605 298 1668 reddi.
344 1603 436 1688 Quae
453 1607 480 1667 si
495 1626 567 1669 cum
584 1610 722 1668 veritate
741 1605 948 1683 concordant,
970 1607 1056 1667 viam
1073 1604 1166 1667 nobis

71 1724 253 1785 munivisse
274 1723 437 1802 videmur,
467 1723 506 1785 ad
539 1731 638 1787 totam
661 1745 728 1786 rem
751 1730 988 1786 controversam
1012 1724 1165 1785 dirimen-

72 1839 161 1902 dam.
205 1838 287 1903 Nam
310 1843 358 1902 uti
379 1860 432 1901 res
453 1842 524 1918 ipsa
547 1861 585 1901 eo
608 1843 741 1902 minime
764 1845 995 1917 commutatur,
1027 1840 1109 1918 quod
1134 1843 1166 1901 in

71 1956 135 2018 hoc
158 1955 211 2018 vel
234 1954 312 2035 illo,
337 1958 370 2017 in
394 1977 458 2017 uno
481 1956 534 2018 vel
554 1958 588 2018 in
611 1960 642 2017 in
667 1954 812 2034 pluribus
834 1957 950 2018 animis
969 1958 1169 2035 concipitur;
1224 1978 1229 1985 ·

12 2060 14 2117 ἶ
70 2078 179 2137 itane
203 2095 241 2135 eo
266 2072 393 2152 quidem
417 2073 672 2136 vicissitudinem
695 2070 834 2151 aliquam
856 2071 953 2151 subit,
978 2074 1062 2152 quod
1078 2093 1166 2135 seor·

12 2178 13 2193 ¹
71 2196 138 2254 sim
161 2199 292 2254 exstare
314 2193 490 2275 cogitatur:
520 2214 635 2276 nempe
659 2195 705 2255 ita
727 2213 851 2273 quoque
874 2194 989 2270 opinor
1012 2189 1093 2252 nihil
1117 2188 1167 2268 fit,

12 2368 14 2385 ‚
71 2312 140 2370 nisi
164 2317 199 2370 ut
221 2309 313 2371 sedes
335 2309 404 2370 sive
426 2306 516 2369 locus
540 2317 698 2386 mutetur,
726 2308 782 2371 ubi
805 2309 917 2370 eadem
939 2330 992 2371 res
1015 2309 1110 2371 modo
1132 2318 1168 2371 ut

71 2429 167 2488 notio
190 2428 237 2508 (in
261 2433 364 2488 celime·
385 2428 556 2506 cogitantis
579 2426 752 2506 substrato)
777 2427 871 2487 modo
892 2447 949 2505 pro
973 2447 1008 2487 se
1030 2428 1100 2503 ipsa
1120 2428 1168 2505 (in

73 2563 134 2606 erro
150 2549 254 2627 ipsius
270 2543 444 2622 substrato)
468 2551 694 2606 commoratur.
739 2543 774 2607 Si
791 2565 842 2605 res
858 2564 920 2605 non
936 2552 1021 2605 esset
1037 2542 1168 2613 eadem3

12 2648 13 2685 l
71 2664 176 2723 animi
204 2669 323 2739 statua,
355 2662 408 2740 qui
439 2660 555 2724 dicitur
586 2663 659 2743 ejus
688 2664 795 2741 notio,
828 2683 891 2723 non
922 2669 1007 2723 esset
1028 2664 1169 2746 genuina

73 2782 185 2861 imago
210 2783 278 2841 sive
298 2786 384 2842 esset
407 2777 522 2843 falsum
547 2779 730 2858 speculum3
755 2803 827 2841 nam
844 2783 877 2842 in
892 2777 1022 2858 speculo
1037 2779 1170 2856 quaevis

73 2900 185 2976 imago
213 2898 358 2971 quamvis
389 2914 483 2953 nomo
514 2896 679 2970 quisquam
709 2893 833 2955 infitias
865 2897 961 2955 iverit
989 2893 1071 2955 reali
1099 2913 1169 2954 eam
1248 2931 1250 2935 <

73 3009 264 3087 praedicato
288 3029 306 3069 a
329 3030 364 3071 rc
387 3011 457 3087 ipsa
478 3028 634 3085 expressa
656 3008 822 3088 distineri,
854 3018 960 3071 tamen
990 3009 1075 3070 idem
1100 3030 1170 3071 esse

75 3123 176 3187 debet
198 3124 282 3204 quod
303 3147 355 3189 res
378 3129 464 3205 ipsa,
496 3127 602 3204 quum'
621 3126 694 3207 ejus
723 3120 766 3190 sit
794 3135 914 3212 imago.
958 3126 1048 3190 Haec
1072 3130 1171 3217 igitur

75 3243 144 3305 loci
167 3244 202 3324 (i.
220 3265 248 3305 e.
263 3240 311 3306 rei
335 3250 371 3306 t'n
393 3265 428 3307 ee
450 3243 653 3306 subsistentis
677 3254 709 3308 et
730 3245 863 3325 speculi,
887 3252 923 3308 tre
939 3267 999 3330 quo
1016 3267 1172 3326 expressa

12 3414 14 3421 ,
78 3367 130 3423 est
152 3361 217 3442 res)
243 3361 426 3438 diversitas5
451 3364 499 3422 rei
522 3365 592 3422 sive
616 3361 668 3424 hic
691 3364 760 3423 sive
781 3363 849 3425 illic
864 3367 1033 3444 cogitatur,
1057 3364 1172 3423 discri-

80 3479 293 3539 minationem
316 3478 483 3538 constituit
504 3475 636 3539 nullam.
682 3474 730 3536 lta
753 3482 883 3540 aristam
901 3498 930 3538 v.
950 3499 977 3538 c.
995 3478 1171 3558 cogitamus

12 3602 13 3627 ³
80 3615 216 3672 eamque
239 3596 336 3655 etiam
360 3601 460 3655 extra
484 3613 541 3653 nos
564 3595 767 3669 conspicuam
786 3613 856 3653 esse
873 3592 1170 3656 animadvertimus.

80 3710 167 3794 Ergo
195 3713 285 3773 notio
316 3711 443 3789 quidem
473 3712 591 3772 aristae
624 3698 828 3790 immutatur,
859 3731 941 3775 nova
964 3716 1048 3776 enim
1071 3734 1172 3793 eaque

81 3827 181 3901 realis
203 3829 329 3890 accedit
353 3838 429 3892 nota
453 3829 649 3901 existentiae
671 3828 781 3909 realis,
802 3851 882 3910 quae
901 3839 996 3894 antea
1010 3834 1056 3914 (in
1074 3833 1173 3891 arista

152 4100 181 4167 *)
201 4097 286 4148 'l'cnco
314 4098 429 4162 equidem
455 4101 546 4164 optime
573 4101 637 4151 illud
664 4099 736 4161 „duo
757 4098 800 4146 ubi
827 4100 892 4148 idem
919 4097 952 4164 (i.
975 4115 999 4159 q.
1022 4098 1088 4162 quod
1109 4098 1175 4147 idem

84 4183 196 4252 diriter)
223 4184 331 4244 iaciunt,
359 4198 407 4233 non
433 4191 471 4234 cst
496 4185 584 4235 idcm“
612 4193 639 4236 et
660 4182 737 4250 probe
765 4184 818 4232 scio
843 4200 873 4234 ne
898 4184 1051 4233 levissimum
1076 4181 1175 4247 quidem

87 4273 211 4322 notionem
230 4286 245 4320 a
263 4254 369 4331 singulis
388 4269 476 4320 animis
495 4285 594 4334 semper
613 4270 697 4334 aliqua
716 4282 861 4334 quacunque
882 4269 979 4319 ratione
999 4269 1064 4317 inter
1082 4282 1111 4317 sc
1123 4268 1176 4319 dis-

87 4357 212 4407 similibus
237 4355 343 4417 cogitari
370 4356 483 4405 eandem.
526 4355 619 4409 Verum
650 4353 716 4404 istud
746 4353 793 4402 hoc
825 4352 924 4418 quidem
957 4355 1014 4405 loco
1042 4368 1091 4403 nou
1120 4367 1193 4411 esser

89 4443 248 4508 quamobrem
267 4441 292 4491 ia
311 4455 412 4491 censum
434 4447 553 4502 vocetur,
571 4441 618 4491 vix
632 4446 671 4490 cst
688 4453 734 4488 cur
751 4453 872 4490 moreau.

923 4533 972 4606 δ’*
