<?xml version="1.0" encoding="UTF-8"?>
<!DOCTYPE html PUBLIC "-//W3C//DTD XHTML 1.0 Transitional//EN"
    "http://www.w3.org/TR/xhtml1/DTD/xhtml1-transitional.dtd">
<html xmlns="http://www.w3.org/1999/xhtml" xml:lang="en" lang="en">
 <head>
  <title>
</title>
<meta http-equiv="Content-Type" content="text/html;charset=utf-8" />
  <meta name='ocr-system' content='tesseract 3.04.00' />
  <meta name='ocr-capabilities' content='ocr_page ocr_carea ocr_par ocr_line ocrx_word'/>
</head>
<body>
  <div class='ocr_page' id='page_1' title='image "argumentaprodei00fricgoog_0056.png"; bbox 0 0 3044 5376; ppageno 0'>
   <div class='ocr_carea' id='block_1_1' title="bbox 519 496 769 568">
    <p class='ocr_par' dir='ltr' id='par_1_1' title="bbox 519 496 769 568">
     <span class='ocr_line' id='line_1_1' title="bbox 519 496 769 568; baseline 0 -17"><span class='ocrx_word' id='word_1_1' title='bbox 519 496 769 568; x_wconf 67' lang='lat'>..47-</span> 
     </span>
    </p>
   </div>
   <div class='ocr_carea' id='block_1_2' title="bbox 15 674 1188 1127">
    <p class='ocr_par' dir='ltr' id='par_1_2' title="bbox 15 674 1188 1127">
     <span class='ocr_line' id='line_1_2' title="bbox 15 674 1186 768; baseline 0.008 -30"><span class='ocrx_word' id='word_1_2' title='bbox 15 696 19 733; x_wconf 74' lang='lat' dir='ltr'><strong>r</strong></span> <span class='ocrx_word' id='word_1_3' title='bbox 87 675 200 739; x_wconf 83' lang='lat' dir='ltr'><strong>raedis</strong></span> <span class='ocrx_word' id='word_1_4' title='bbox 224 674 372 761; x_wconf 73' lang='lat' dir='ltr'>intelligo</span> <span class='ocrx_word' id='word_1_5' title='bbox 393 676 499 742; x_wconf 90' lang='lat' dir='ltr'><strong>ideam</strong></span> <span class='ocrx_word' id='word_1_6' title='bbox 529 678 668 743; x_wconf 77' lang='lat' dir='ltr'><strong>estnon</strong></span> <span class='ocrx_word' id='word_1_7' title='bbox 692 698 763 743; x_wconf 87' lang='lat' dir='ltr'><strong>essa</strong></span> <span class='ocrx_word' id='word_1_8' title='bbox 785 678 858 760; x_wconf 89' lang='lat' dir='ltr'><strong>quid</strong></span> <span class='ocrx_word' id='word_1_9' title='bbox 882 677 1033 744; x_wconf 85' lang='lat' dir='ltr'><strong>fielitium</strong></span> <span class='ocrx_word' id='word_1_10' title='bbox 1056 702 1076 744; x_wconf 91' lang='lat' dir='ltr'><strong>a</strong></span> <span class='ocrx_word' id='word_1_11' title='bbox 1099 687 1186 768; x_wconf 76' lang='lat' dir='ltr'><strong>eogi-</strong></span> 
     </span>
     <span class='ocr_line' id='line_1_3' title="bbox 88 794 1188 880; baseline 0.005 -21"><span class='ocrx_word' id='word_1_12' title='bbox 88 797 218 859; x_wconf 84' lang='lat' dir='ltr'><strong>tatiene</strong></span> <span class='ocrx_word' id='word_1_13' title='bbox 242 814 313 857; x_wconf 89' lang='lat' dir='ltr'><strong>mea</strong></span> <span class='ocrx_word' id='word_1_14' title='bbox 335 794 519 875; x_wconf 90' lang='lat' dir='ltr'><strong>dependens</strong></span> <span class='ocrx_word' id='word_1_15' title='bbox 541 796 597 858; x_wconf 90' lang='lat' dir='ltr'><strong>sed</strong></span> <span class='ocrx_word' id='word_1_16' title='bbox 621 797 793 880; x_wconf 84' lang='lat' dir='ltr'><strong>imaginem</strong></span> <span class='ocrx_word' id='word_1_17' title='bbox 818 816 914 860; x_wconf 86' lang='lat' dir='ltr'><strong>verae</strong></span> <span class='ocrx_word' id='word_1_18' title='bbox 928 807 962 862; x_wconf 89' lang='lat' dir='ltr'><strong>et</strong></span> <span class='ocrx_word' id='word_1_19' title='bbox 976 798 1188 865; x_wconf 85' lang='lat' dir='ltr'><strong>immutabilis</strong></span> 
     </span>
     <span class='ocr_line' id='line_1_4' title="bbox 15 890 1185 999; baseline 0.01 -30"><span class='ocrx_word' id='word_1_20' title='bbox 15 936 17 969; x_wconf 64' lang='lat' dir='ltr'><strong>t</strong></span> <span class='ocrx_word' id='word_1_21' title='bbox 89 916 272 976; x_wconf 84' lang='lat' dir='ltr'><strong>naturae.“</strong></span> <span class='ocrx_word' id='word_1_22' title='bbox 316 911 409 988; x_wconf 79' lang='lat' dir='ltr'><strong>Quod</strong></span> <span class='ocrx_word' id='word_1_23' title='bbox 432 935 495 994; x_wconf 87' lang='lat' dir='ltr'><strong>qua</strong></span> <span class='ocrx_word' id='word_1_24' title='bbox 514 916 643 978; x_wconf 83' lang='lat' dir='ltr'><strong>ratione</strong></span> <span class='ocrx_word' id='word_1_25' title='bbox 664 909 849 992; x_wconf 76' lang='lat' dir='ltr'><strong>persecutus</strong></span> <span class='ocrx_word' id='word_1_26' title='bbox 870 890 914 979; x_wconf 82' lang='lat' dir='ltr'><strong>sit</strong></span> <span class='ocrx_word' id='word_1_27' title='bbox 928 912 1092 981; x_wconf 75' lang='lat' dir='ltr'><strong>Canterius</strong></span> <span class='ocrx_word' id='word_1_28' title='bbox 1106 936 1185 999; x_wconf 85' lang='lat' dir='ltr'><strong>quo·</strong></span> 
     </span>
     <span class='ocr_line' id='line_1_5' title="bbox 91 1030 1185 1127; baseline 0.005 -34"><span class='ocrx_word' id='word_1_29' title='bbox 91 1051 157 1110; x_wconf 87' lang='lat' dir='ltr'><strong>que</strong></span> <span class='ocrx_word' id='word_1_30' title='bbox 183 1050 334 1093; x_wconf 80' lang='lat' dir='ltr'><strong>successu</strong></span> <span class='ocrx_word' id='word_1_31' title='bbox 355 1039 511 1096; x_wconf 82' lang='lat' dir='ltr'><strong>tractasse</strong></span> <span class='ocrx_word' id='word_1_32' title='bbox 534 1030 769 1097; x_wconf 71' lang='lat' dir='ltr'><strong>existimandus</strong></span> <span class='ocrx_word' id='word_1_33' title='bbox 791 1035 852 1112; x_wconf 86' lang='lat' dir='ltr'><strong>sit,</strong></span> <span class='ocrx_word' id='word_1_34' title='bbox 875 1034 961 1096; x_wconf 83' lang='lat' dir='ltr'><strong>infra</strong></span> <span class='ocrx_word' id='word_1_35' title='bbox 979 1035 1013 1096; x_wconf 91' lang='lat' dir='ltr'><strong>in</strong></span> <span class='ocrx_word' id='word_1_36' title='bbox 1027 1031 1101 1127; x_wconf 87' lang='lat' dir='ltr'><strong>luce</strong></span> <span class='ocrx_word' id='word_1_37' title='bbox 1117 1035 1185 1098; x_wconf 86' lang='lat' dir='ltr'><strong>eol·</strong></span> 
     </span>
    </p>
   </div>
   <div class='ocr_carea' id='block_1_3' title="bbox 87 1132 1184 1327">
    <p class='ocr_par' dir='ltr' id='par_1_3' title="bbox 87 1132 1184 1327">
     <span class='ocr_line' id='line_1_6' title="bbox 87 1132 1184 1236; baseline 0.006 -26"><span class='ocrx_word' id='word_1_38' title='bbox 87 1146 203 1210; x_wconf 83' lang='lat' dir='ltr'><strong>locere</strong></span> <span class='ocrx_word' id='word_1_39' title='bbox 224 1147 440 1228; x_wconf 76' lang='lat' dir='ltr'><strong>studebimus,</strong></span> <span class='ocrx_word' id='word_1_40' title='bbox 470 1149 525 1213; x_wconf 92' lang='lat' dir='ltr'><strong>ubi</strong></span> <span class='ocrx_word' id='word_1_41' title='bbox 557 1149 597 1213; x_wconf 87' lang='lat' dir='ltr'><strong>de</strong></span> <span class='ocrx_word' id='word_1_42' title='bbox 626 1132 695 1214; x_wconf 82' lang='lat' dir='ltr'><strong>teto</strong></span> <span class='ocrx_word' id='word_1_43' title='bbox 728 1146 789 1214; x_wconf 86' lang='lat' dir='ltr'><strong>hoe</strong></span> <span class='ocrx_word' id='word_1_44' title='bbox 817 1159 1005 1236; x_wconf 76' lang='lat' dir='ltr'><strong>argumento</strong></span> <span class='ocrx_word' id='word_1_45' title='bbox 1024 1151 1184 1235; x_wconf 76' lang='lat' dir='ltr'><strong>judicium</strong></span> 
     </span>
     <span class='ocr_line' id='line_1_7' title="bbox 87 1254 334 1327; baseline 0.004 -1"><span class='ocrx_word' id='word_1_46' title='bbox 87 1254 190 1326; x_wconf 86' lang='lat' dir='ltr'><strong>laturi</strong></span> <span class='ocrx_word' id='word_1_47' title='bbox 214 1284 334 1327; x_wconf 85' lang='lat' dir='ltr'><strong>sumus.</strong></span> 
     </span>
    </p>
   </div>
   <div class='ocr_carea' id='block_1_4' title="bbox 178 1378 1191 1468">
    <p class='ocr_par' dir='ltr' id='par_1_4' title="bbox 178 1378 1191 1468">
     <span class='ocr_line' id='line_1_8' title="bbox 178 1378 1191 1468; baseline 0.009 -24"><span class='ocrx_word' id='word_1_48' title='bbox 178 1378 226 1444; x_wconf 82' lang='lat' dir='ltr'><strong>Aa</strong></span> <span class='ocrx_word' id='word_1_49' title='bbox 249 1381 383 1446; x_wconf 87' lang='lat' dir='ltr'><strong>multum</strong></span> <span class='ocrx_word' id='word_1_50' title='bbox 408 1406 487 1450; x_wconf 90' lang='lat' dir='ltr'><strong>sane</strong></span> <span class='ocrx_word' id='word_1_51' title='bbox 511 1390 544 1451; x_wconf 92' lang='lat' dir='ltr'><strong>in</strong></span> <span class='ocrx_word' id='word_1_52' title='bbox 567 1388 747 1468; x_wconf 83' lang='lat' dir='ltr'><strong>argumenti</strong></span> <span class='ocrx_word' id='word_1_53' title='bbox 776 1383 953 1468; x_wconf 82' lang='lat' dir='ltr'><strong>antelogini</strong></span> <span class='ocrx_word' id='word_1_54' title='bbox 976 1393 1090 1451; x_wconf 88' lang='lat' dir='ltr'><strong>natura</strong></span> <span class='ocrx_word' id='word_1_55' title='bbox 1112 1408 1191 1468; x_wconf 34' lang='lat' dir='ltr'><strong>per-v</strong></span> 
     </span>
    </p>
   </div>
   <div class='ocr_carea' id='block_1_5' title="bbox 25 1494 1312 2764">
    <p class='ocr_par' dir='ltr' id='par_1_5' title="bbox 25 1494 1312 2764">
     <span class='ocr_line' id='line_1_9' title="bbox 87 1494 1187 1586; baseline 0.009 -27"><span class='ocrx_word' id='word_1_56' title='bbox 87 1494 266 1562; x_wconf 82' lang='lat' dir='ltr'><strong>scrutanda</strong></span> <span class='ocrx_word' id='word_1_57' title='bbox 289 1509 323 1564; x_wconf 90' lang='lat' dir='ltr'><strong>et</strong></span> <span class='ocrx_word' id='word_1_58' title='bbox 344 1503 543 1566; x_wconf 86' lang='lat' dir='ltr'><strong>aestimande</strong></span> <span class='ocrx_word' id='word_1_59' title='bbox 556 1509 702 1566; x_wconf 86' lang='lat' dir='ltr'><strong>versatus</strong></span> <span class='ocrx_word' id='word_1_60' title='bbox 719 1511 768 1567; x_wconf 86' lang='lat' dir='ltr'><strong>est</strong></span> <span class='ocrx_word' id='word_1_61' title='bbox 782 1500 993 1583; x_wconf 66' lang='lat' dir='ltr'><strong>Lemannus,</strong></span> <span class='ocrx_word' id='word_1_62' title='bbox 1019 1509 1071 1586; x_wconf 87' lang='lat' dir='ltr'><strong>qui</strong></span> <span class='ocrx_word' id='word_1_63' title='bbox 1089 1526 1187 1585; x_wconf 86' lang='lat' dir='ltr'><strong>quum</strong></span> 
     </span>
     <span class='ocr_line' id='line_1_10' title="bbox 25 1609 1182 1713; baseline 0.01 -38"><span class='ocrx_word' id='word_1_64' title='bbox 25 1698 30 1713; x_wconf 31' lang='grc' dir='ltr'>ι</span> <span class='ocrx_word' id='word_1_65' title='bbox 86 1618 121 1676; x_wconf 91' lang='lat' dir='ltr'><strong>in</strong></span> <span class='ocrx_word' id='word_1_66' title='bbox 150 1615 224 1678; x_wconf 91' lang='lat' dir='ltr'><strong>aliis</strong></span> <span class='ocrx_word' id='word_1_67' title='bbox 247 1609 337 1680; x_wconf 65' lang='lat' dir='ltr'><strong>loeis&#39;</strong></span> <span class='ocrx_word' id='word_1_68' title='bbox 350 1623 473 1693; x_wconf 80' lang='lat' dir='ltr'><strong>lumin</strong></span> <span class='ocrx_word' id='word_1_69' title='bbox 499 1619 796 1700; x_wconf 79' lang='lat' dir='ltr'><strong>„meditationibus</strong></span> <span class='ocrx_word' id='word_1_70' title='bbox 820 1621 859 1682; x_wconf 90' lang='lat' dir='ltr'><strong>de</strong></span> <span class='ocrx_word' id='word_1_71' title='bbox 882 1624 1076 1705; x_wconf 83' lang='lat' dir='ltr'><strong>cognitionis</strong></span> <span class='ocrx_word' id='word_1_72' title='bbox 1099 1628 1182 1686; x_wconf 86' lang='lat' dir='ltr'><strong>veri·</strong></span> 
     </span>
     <span class='ocr_line' id='line_1_11' title="bbox 86 1717 1183 1826; baseline 0.009 -31"><span class='ocrx_word' id='word_1_73' title='bbox 86 1740 160 1796; x_wconf 88' lang='lat' dir='ltr'><strong>tate</strong></span> <span class='ocrx_word' id='word_1_74' title='bbox 183 1742 215 1796; x_wconf 88' lang='lat' dir='ltr'><strong>et</strong></span> <span class='ocrx_word' id='word_1_75' title='bbox 234 1734 318 1798; x_wconf 88' lang='lat' dir='ltr'><strong>ideis</strong></span> <span class='ocrx_word' id='word_1_76' title='bbox 338 1737 427 1826; x_wconf 86' lang='lat' dir='ltr'><strong>(edit.</strong></span> <span class='ocrx_word' id='word_1_77' title='bbox 449 1717 529 1802; x_wconf 84' lang='lat' dir='ltr'><strong>Dat.</strong></span> <span class='ocrx_word' id='word_1_78' title='bbox 552 1737 593 1801; x_wconf 89' lang='lat' dir='ltr'><strong>ll.</strong></span> <span class='ocrx_word' id='word_1_79' title='bbox 618 1761 647 1818; x_wconf 87' lang='lat' dir='ltr'><strong>p.</strong></span> <span class='ocrx_word' id='word_1_80' title='bbox 671 1745 730 1801; x_wconf 80' lang='lat' dir='ltr'><strong>lii:</strong></span> <span class='ocrx_word' id='word_1_81' title='bbox 754 1741 811 1817; x_wconf 88' lang='lat' dir='ltr'><strong>„si</strong></span> <span class='ocrx_word' id='word_1_82' title='bbox 836 1738 915 1800; x_wconf 88' lang='lat' dir='ltr'><strong>deus</strong></span> <span class='ocrx_word' id='word_1_83' title='bbox 938 1749 987 1802; x_wconf 88' lang='lat' dir='ltr'><strong>est</strong></span> <span class='ocrx_word' id='word_1_84' title='bbox 1005 1741 1183 1826; x_wconf 72' lang='lat' dir='ltr'><strong>possibilis,</strong></span> 
     </span>
     <span class='ocr_line' id='line_1_12' title="bbox 85 1854 1312 1938; baseline 0.007 -24"><span class='ocrx_word' id='word_1_85' title='bbox 85 1854 107 1914; x_wconf 89' lang='lat' dir='ltr'><strong>i.</strong></span> <span class='ocrx_word' id='word_1_86' title='bbox 136 1874 167 1915; x_wconf 85' lang='lat' dir='ltr'><strong>e.</strong></span> <span class='ocrx_word' id='word_1_87' title='bbox 191 1858 432 1936; x_wconf 76' lang='lat' dir='ltr'><strong>repugnantiam</strong></span> <span class='ocrx_word' id='word_1_88' title='bbox 456 1877 519 1918; x_wconf 86' lang='lat' dir='ltr'><strong>non</strong></span> <span class='ocrx_word' id='word_1_89' title='bbox 542 1854 698 1934; x_wconf 88' lang='lat' dir='ltr'><strong>involvit,</strong></span> <span class='ocrx_word' id='word_1_90' title='bbox 728 1857 891 1936; x_wconf 85' lang='lat' dir='ltr'><strong>sequitur,</strong></span> <span class='ocrx_word' id='word_1_91' title='bbox 922 1856 1006 1935; x_wconf 87' lang='lat' dir='ltr'><strong>quod</strong></span> <span class='ocrx_word' id='word_1_92' title='bbox 1027 1862 1184 1938; x_wconf 84' lang='lat' dir='ltr'><strong>exstat“)</strong></span> <span class='ocrx_word' id='word_1_93' title='bbox 1310 1882 1312 1887; x_wconf 73' lang='grc'>’</span> 
     </span>
     <span class='ocr_line' id='line_1_13' title="bbox 25 1970 1182 2050; baseline 0.005 -18"><span class='ocrx_word' id='word_1_94' title='bbox 25 1975 28 1981; x_wconf 85' lang='grc'><em>“</em></span> <span class='ocrx_word' id='word_1_95' title='bbox 85 1980 120 2032; x_wconf 85' lang='lat' dir='ltr'><strong>et</strong></span> <span class='ocrx_word' id='word_1_96' title='bbox 148 1970 199 2032; x_wconf 88' lang='lat' dir='ltr'><strong>in:</strong></span> <span class='ocrx_word' id='word_1_97' title='bbox 230 1970 439 2050; x_wconf 66' lang='lat' dir='ltr'><strong>„rademons</strong></span> <span class='ocrx_word' id='word_1_98' title='bbox 469 1994 523 2037; x_wconf 88' lang='lat' dir='ltr'><strong>sur</strong></span> <span class='ocrx_word' id='word_1_99' title='bbox 550 1973 666 2036; x_wconf 89' lang='lat' dir='ltr'><strong>l’essai</strong></span> <span class='ocrx_word' id='word_1_100' title='bbox 696 1972 737 2033; x_wconf 87' lang='lat' dir='ltr'><strong>de</strong></span> <span class='ocrx_word' id='word_1_101' title='bbox 766 1971 1025 2036; x_wconf 89' lang='lat' dir='ltr'><strong>l&#39;entendement</strong></span> <span class='ocrx_word' id='word_1_102' title='bbox 1051 1970 1182 2038; x_wconf 88' lang='lat' dir='ltr'><strong>humain</strong></span> 
     </span>
     <span class='ocr_line' id='line_1_14' title="bbox 84 2085 1183 2178; baseline 0.002 -28"><span class='ocrx_word' id='word_1_103' title='bbox 84 2087 127 2150; x_wconf 91' lang='lat' dir='ltr'><strong>de</strong></span> <span class='ocrx_word' id='word_1_104' title='bbox 155 2085 217 2151; x_wconf 81' lang='lat' dir='ltr'><strong>Mn.</strong></span> <span class='ocrx_word' id='word_1_105' title='bbox 238 2087 350 2151; x_wconf 85' lang='lat' dir='ltr'><strong>Loeke</strong></span> <span class='ocrx_word' id='word_1_106' title='bbox 373 2087 466 2171; x_wconf 87' lang='lat' dir='ltr'><strong>(Dut.</strong></span> <span class='ocrx_word' id='word_1_107' title='bbox 490 2089 531 2155; x_wconf 89' lang='lat' dir='ltr'><strong>ll.</strong></span> <span class='ocrx_word' id='word_1_108' title='bbox 554 2113 585 2171; x_wconf 90' lang='lat' dir='ltr'><strong>p.</strong></span> <span class='ocrx_word' id='word_1_109' title='bbox 609 2093 697 2171; x_wconf 77' lang='lat'>221.)</span> <span class='ocrx_word' id='word_1_110' title='bbox 728 2089 788 2152; x_wconf 87' lang='lat' dir='ltr'><strong>hoc</strong></span> <span class='ocrx_word' id='word_1_111' title='bbox 818 2090 858 2154; x_wconf 91' lang='lat' dir='ltr'><strong>de</strong></span> <span class='ocrx_word' id='word_1_112' title='bbox 880 2097 1068 2174; x_wconf 85' lang='lat' dir='ltr'><strong>argumenta</strong></span> <span class='ocrx_word' id='word_1_113' title='bbox 1090 2097 1183 2178; x_wconf 85' lang='lat' dir='ltr'><strong>onte-</strong></span> 
     </span>
     <span class='ocr_line' id='line_1_15' title="bbox 83 2203 1243 2292; baseline 0.003 -26"><span class='ocrx_word' id='word_1_114' title='bbox 83 2203 197 2289; x_wconf 77' lang='lat' dir='ltr'><strong>legieo</strong></span> <span class='ocrx_word' id='word_1_115' title='bbox 227 2205 290 2268; x_wconf 86' lang='lat' dir='ltr'><strong>lert</strong></span> <span class='ocrx_word' id='word_1_116' title='bbox 316 2207 492 2290; x_wconf 85' lang='lat' dir='ltr'><strong>judicium:</strong></span> <span class='ocrx_word' id='word_1_117' title='bbox 522 2207 592 2289; x_wconf 81' lang='lat' dir='ltr'><strong>„le</strong></span> <span class='ocrx_word' id='word_1_118' title='bbox 622 2230 662 2271; x_wconf 91' lang='lat' dir='ltr'><strong>na</strong></span> <span class='ocrx_word' id='word_1_119' title='bbox 693 2209 840 2288; x_wconf 78' lang='lat' dir='ltr'><strong>mdprise.¹</strong></span> <span class='ocrx_word' id='word_1_120' title='bbox 865 2211 956 2288; x_wconf 86' lang='lat' dir='ltr'><strong>point</strong></span> <span class='ocrx_word' id='word_1_121' title='bbox 984 2207 1183 2292; x_wconf 84' lang='lat' dir='ltr'><strong>l’argument</strong></span> <span class='ocrx_word' id='word_1_122' title='bbox 1239 2262 1243 2270; x_wconf 90' lang='lat'>.</span> 
     </span>
     <span class='ocr_line' id='line_1_16' title="bbox 84 2322 1182 2407; baseline 0.002 -22"><span class='ocrx_word' id='word_1_123' title='bbox 84 2323 223 2387; x_wconf 75' lang='lat' dir='ltr'><strong>invente</strong></span> <span class='ocrx_word' id='word_1_124' title='bbox 246 2322 269 2386; x_wconf 91' lang='lat' dir='ltr'><strong>il</strong></span> <span class='ocrx_word' id='word_1_125' title='bbox 291 2344 314 2406; x_wconf 78' lang='lat' dir='ltr'>y</span> <span class='ocrx_word' id='word_1_126' title='bbox 336 2345 356 2387; x_wconf 92' lang='lat' dir='ltr'><strong>a</strong></span> <span class='ocrx_word' id='word_1_127' title='bbox 377 2324 530 2407; x_wconf 80' lang='lat' dir='ltr'><strong>quelques</strong></span> <span class='ocrx_word' id='word_1_128' title='bbox 553 2325 670 2390; x_wconf 76' lang='lat' dir='ltr'><strong>sidulas</strong></span> <span class='ocrx_word' id='word_1_129' title='bbox 692 2347 751 2406; x_wconf 86' lang='lat' dir='ltr'><strong>par</strong></span> <span class='ocrx_word' id='word_1_130' title='bbox 772 2324 945 2404; x_wconf 75' lang='lat' dir='ltr'><strong>Anselnm,</strong></span> <span class='ocrx_word' id='word_1_131' title='bbox 975 2328 1029 2406; x_wconf 91' lang='lat' dir='ltr'><strong>qui</strong></span> <span class='ocrx_word' id='word_1_132' title='bbox 1050 2346 1182 2404; x_wconf 86' lang='lat' dir='ltr'><strong>prouve,</strong></span> 
     </span>
     <span class='ocr_line' id='line_1_17' title="bbox 84 2440 1183 2533; baseline 0.002 -28"><span class='ocrx_word' id='word_1_133' title='bbox 84 2463 152 2522; x_wconf 87' lang='lat' dir='ltr'><strong>que</strong></span> <span class='ocrx_word' id='word_1_134' title='bbox 184 2440 280 2505; x_wconf 76' lang='lat' dir='ltr'><strong>l’etre</strong></span> <span class='ocrx_word' id='word_1_135' title='bbox 309 2442 429 2521; x_wconf 84' lang='lat' dir='ltr'><strong>parfait</strong></span> <span class='ocrx_word' id='word_1_136' title='bbox 455 2444 524 2529; x_wconf 75' lang='lat' dir='ltr'><strong>duit</strong></span> <span class='ocrx_word' id='word_1_137' title='bbox 546 2447 689 2517; x_wconf 68' lang='lat' dir='ltr'><strong>existen</strong></span> <span class='ocrx_word' id='word_1_138' title='bbox 719 2450 858 2529; x_wconf 76' lang='lat' dir='ltr'><strong>quoique</strong></span> <span class='ocrx_word' id='word_1_139' title='bbox 876 2445 914 2527; x_wconf 86' lang='lat' dir='ltr'><strong>je</strong></span> <span class='ocrx_word' id='word_1_140' title='bbox 936 2449 1070 2523; x_wconf 86' lang='lat' dir='ltr'><strong>trouve,</strong></span> <span class='ocrx_word' id='word_1_141' title='bbox 1099 2441 1183 2533; x_wconf 83' lang='lat' dir='ltr'><strong>qu&#39;il</strong></span> 
     </span>
     <span class='ocr_line' id='line_1_18' title="bbox 83 2548 1181 2646; baseline 0.001 -25"><span class='ocrx_word' id='word_1_142' title='bbox 83 2579 226 2643; x_wconf 76' lang='lat' dir='ltr'><strong>marsque</strong></span> <span class='ocrx_word' id='word_1_143' title='bbox 248 2558 384 2639; x_wconf 75' lang='lat' dir='ltr'><strong>quelque</strong></span> <span class='ocrx_word' id='word_1_144' title='bbox 406 2548 502 2625; x_wconf 83' lang='lat' dir='ltr'><strong>ehuse</strong></span> <span class='ocrx_word' id='word_1_145' title='bbox 525 2562 545 2624; x_wconf 78' lang='lat' dir='ltr'><strong>a</strong></span> <span class='ocrx_word' id='word_1_146' title='bbox 567 2571 618 2626; x_wconf 88' lang='lat' dir='ltr'><strong>eet</strong></span> <span class='ocrx_word' id='word_1_147' title='bbox 631 2570 812 2646; x_wconf 82' lang='lat' dir='ltr'><strong>argument,</strong></span> <span class='ocrx_word' id='word_1_148' title='bbox 838 2558 1011 2643; x_wconf 84' lang='lat' dir='ltr'><strong>paresqu’il</strong></span> <span class='ocrx_word' id='word_1_149' title='bbox 1032 2580 1181 2639; x_wconf 84' lang='lat' dir='ltr'><strong>suppose,</strong></span> 
     </span>
     <span class='ocr_line' id='line_1_19' title="bbox 86 2674 1182 2764; baseline 0 -25"><span class='ocrx_word' id='word_1_150' title='bbox 86 2698 151 2756; x_wconf 87' lang='lat' dir='ltr'><strong>que</strong></span> <span class='ocrx_word' id='word_1_151' title='bbox 183 2675 282 2740; x_wconf 76' lang='lat' dir='ltr'><strong>l’etre</strong></span> <span class='ocrx_word' id='word_1_152' title='bbox 315 2678 431 2756; x_wconf 87' lang='lat' dir='ltr'><strong>parlait</strong></span> <span class='ocrx_word' id='word_1_153' title='bbox 461 2686 511 2742; x_wconf 87' lang='lat' dir='ltr'><strong>est</strong></span> <span class='ocrx_word' id='word_1_154' title='bbox 536 2680 688 2764; x_wconf 79' lang='lat' dir='ltr'><strong>possible.</strong></span> <span class='ocrx_word' id='word_1_155' title='bbox 734 2677 799 2744; x_wconf 89' lang='lat' dir='ltr'><strong>Car</strong></span> <span class='ocrx_word' id='word_1_156' title='bbox 827 2681 855 2743; x_wconf 87' lang='lat' dir='ltr'><strong>si</strong></span> <span class='ocrx_word' id='word_1_157' title='bbox 880 2701 917 2743; x_wconf 85' lang='lat' dir='ltr'><strong>ee</strong></span> <span class='ocrx_word' id='word_1_158' title='bbox 939 2674 1010 2742; x_wconf 83' lang='lat' dir='ltr'><strong>seul</strong></span> <span class='ocrx_word' id='word_1_159' title='bbox 1032 2679 1125 2758; x_wconf 87' lang='lat' dir='ltr'><strong>paint</strong></span> <span class='ocrx_word' id='word_1_160' title='bbox 1147 2697 1182 2740; x_wconf 85' lang='lat' dir='ltr'><strong>se</strong></span> 
     </span>
    </p>
   </div>
   <div class='ocr_carea' id='block_1_6' title="bbox 83 2780 1183 2994">
    <p class='ocr_par' dir='ltr' id='par_1_6' title="bbox 83 2780 1183 2994">
     <span class='ocr_line' id='line_1_20' title="bbox 85 2780 1183 2874; baseline 0 -17"><span class='ocrx_word' id='word_1_161' title='bbox 85 2792 258 2858; x_wconf 72' lang='lat' dir='ltr'><strong>demontus</strong></span> <span class='ocrx_word' id='word_1_162' title='bbox 284 2816 422 2874; x_wconf 84' lang='lat' dir='ltr'><strong>encore,</strong></span> <span class='ocrx_word' id='word_1_163' title='bbox 452 2794 485 2859; x_wconf 89' lang='lat' dir='ltr'><strong>la</strong></span> <span class='ocrx_word' id='word_1_164' title='bbox 514 2797 768 2862; x_wconf 72' lang='lat' dir='ltr'><strong>demonstration</strong></span> <span class='ocrx_word' id='word_1_165' title='bbox 800 2807 870 2862; x_wconf 80' lang='lat' dir='ltr'><strong>tout</strong></span> <span class='ocrx_word' id='word_1_166' title='bbox 898 2780 1016 2861; x_wconf 77' lang='lat' dir='ltr'><strong>intidre</strong></span> <span class='ocrx_word' id='word_1_167' title='bbox 1039 2817 1112 2858; x_wconf 88' lang='lat' dir='ltr'><strong>sera</strong></span> <span class='ocrx_word' id='word_1_168' title='bbox 1135 2798 1183 2857; x_wconf 89' lang='lat' dir='ltr'><strong>in-</strong></span> 
     </span>
     <span class='ocr_line' id='line_1_21' title="bbox 83 2907 1182 2994; baseline 0 -22"><span class='ocrx_word' id='word_1_169' title='bbox 83 2913 263 2973; x_wconf 79' lang='lat' dir='ltr'><strong>tierement</strong></span> <span class='ocrx_word' id='word_1_170' title='bbox 285 2907 436 2970; x_wconf 76' lang='lat' dir='ltr'><strong>deheres.</strong></span> <span class='ocrx_word' id='word_1_171' title='bbox 483 2909 582 2989; x_wconf 88' lang='lat' dir='ltr'><strong>(ldem</strong></span> <span class='ocrx_word' id='word_1_172' title='bbox 601 2914 669 2973; x_wconf 85' lang='lat' dir='ltr'><strong>fere</strong></span> <span class='ocrx_word' id='word_1_173' title='bbox 682 2916 753 2992; x_wconf 84' lang='lat' dir='ltr'><strong>jam</strong></span> <span class='ocrx_word' id='word_1_174' title='bbox 774 2917 807 2975; x_wconf 88' lang='lat' dir='ltr'><strong>in</strong></span> <span class='ocrx_word' id='word_1_175' title='bbox 829 2912 1001 2992; x_wconf 86' lang='lat' dir='ltr'><strong>„secundis</strong></span> <span class='ocrx_word' id='word_1_176' title='bbox 1022 2909 1182 2994; x_wconf 85' lang='lat' dir='ltr'><strong>objectio·</strong></span> 
     </span>
    </p>
   </div>
   <div class='ocr_carea' id='block_1_7' title="bbox 15 3021 1183 4518">
    <p class='ocr_par' dir='ltr' id='par_1_7' title="bbox 15 3021 1183 4044">
     <span class='ocr_line' id='line_1_22' title="bbox 15 3021 1183 3109; baseline 0.004 -24"><span class='ocrx_word' id='word_1_177' title='bbox 15 3098 16 3103; x_wconf 12' lang='lat'><em>*</em></span> <span class='ocrx_word' id='word_1_178' title='bbox 83 3023 187 3087; x_wconf 88' lang='lat' dir='ltr'><strong>nibus</strong></span> <span class='ocrx_word' id='word_1_179' title='bbox 217 3048 248 3104; x_wconf 85' lang='lat' dir='ltr'><strong>p.</strong></span> <span class='ocrx_word' id='word_1_180' title='bbox 272 3027 322 3086; x_wconf 87' lang='grc'><strong>67.</strong></span> <span class='ocrx_word' id='word_1_181' title='bbox 333 3026 356 3059; x_wconf 85' lang='grc'><strong>“</strong></span> <span class='ocrx_word' id='word_1_182' title='bbox 387 3021 590 3108; x_wconf 86' lang='lat' dir='ltr'><strong>postulatur).</strong></span> <span class='ocrx_word' id='word_1_183' title='bbox 640 3023 734 3101; x_wconf 81' lang='lat' dir='ltr'><strong>Quod</strong></span> <span class='ocrx_word' id='word_1_184' title='bbox 768 3050 863 3109; x_wconf 91' lang='lat' dir='ltr'><strong>quum</strong></span> <span class='ocrx_word' id='word_1_185' title='bbox 893 3024 1028 3103; x_wconf 73' lang='lat' dir='ltr'><strong>Kanum</strong></span> <span class='ocrx_word' id='word_1_186' title='bbox 1059 3048 1183 3108; x_wconf 90' lang='lat' dir='ltr'><strong>quoque</strong></span> 
     </span>
     <span class='ocr_line' id='line_1_23' title="bbox 84 3142 1183 3229; baseline 0.007 -27"><span class='ocrx_word' id='word_1_187' title='bbox 84 3151 218 3205; x_wconf 82' lang='lat' dir='ltr'><strong>auctare</strong></span> <span class='ocrx_word' id='word_1_188' title='bbox 249 3144 298 3223; x_wconf 89' lang='lat' dir='ltr'><strong>(in</strong></span> <span class='ocrx_word' id='word_1_189' title='bbox 329 3142 401 3204; x_wconf 74' lang='lat' dir='ltr'><strong>aria</strong></span> <span class='ocrx_word' id='word_1_190' title='bbox 425 3163 524 3221; x_wconf 87' lang='lat' dir='ltr'><strong>purae</strong></span> <span class='ocrx_word' id='word_1_191' title='bbox 545 3147 681 3207; x_wconf 88' lang='lat' dir='ltr'><strong>rationis</strong></span> <span class='ocrx_word' id='word_1_192' title='bbox 703 3167 733 3224; x_wconf 88' lang='lat' dir='ltr'><strong>p.</strong></span> <span class='ocrx_word' id='word_1_193' title='bbox 758 3151 832 3209; x_wconf 81' lang='lat'><strong>624.</strong></span> <span class='ocrx_word' id='word_1_194' title='bbox 854 3146 932 3229; x_wconf 79' lang='lat' dir='ltr'><strong>net)</strong></span> <span class='ocrx_word' id='word_1_195' title='bbox 964 3166 1035 3224; x_wconf 86' lang='lat' dir='ltr'><strong>„ea</strong></span> <span class='ocrx_word' id='word_1_196' title='bbox 1058 3165 1183 3225; x_wconf 83' lang='lat' dir='ltr'><strong>semper</strong></span> 
     </span>
     <span class='ocr_line' id='line_1_24' title="bbox 84 3245 1181 3348; baseline 0.005 -27"><span class='ocrx_word' id='word_1_197' title='bbox 84 3260 179 3322; x_wconf 85' lang='lat' dir='ltr'><strong>notia</strong></span> <span class='ocrx_word' id='word_1_198' title='bbox 201 3245 244 3322; x_wconf 84' lang='lat' dir='ltr'><strong>sit</strong></span> <span class='ocrx_word' id='word_1_199' title='bbox 263 3258 438 3340; x_wconf 86' lang='lat' dir='ltr'><strong>possibilis,</strong></span> <span class='ocrx_word' id='word_1_200' title='bbox 462 3281 543 3341; x_wconf 90' lang='lat' dir='ltr'><strong>quae</strong></span> <span class='ocrx_word' id='word_1_201' title='bbox 561 3260 629 3324; x_wconf 83' lang='lat' dir='ltr'><strong>sibi</strong></span> <span class='ocrx_word' id='word_1_202' title='bbox 652 3283 715 3324; x_wconf 92' lang='lat' dir='ltr'><strong>non</strong></span> <span class='ocrx_word' id='word_1_203' title='bbox 738 3267 929 3348; x_wconf 83' lang='lat' dir='ltr'><strong>repugnet“,</strong></span> <span class='ocrx_word' id='word_1_204' title='bbox 951 3270 1086 3326; x_wconf 86' lang='lat' dir='ltr'><strong>naturae</strong></span> <span class='ocrx_word' id='word_1_205' title='bbox 1109 3285 1181 3344; x_wconf 87' lang='lat' dir='ltr'><strong>per-</strong></span> 
     </span>
     <span class='ocr_line' id='line_1_25' title="bbox 83 3377 1182 3463; baseline 0.003 -23"><span class='ocrx_word' id='word_1_206' title='bbox 83 3378 190 3440; x_wconf 81' lang='lat' dir='ltr'><strong>fectae</strong></span> <span class='ocrx_word' id='word_1_207' title='bbox 212 3384 320 3440; x_wconf 86' lang='lat' dir='ltr'><strong>autem</strong></span> <span class='ocrx_word' id='word_1_208' title='bbox 345 3381 434 3441; x_wconf 85' lang='lat' dir='ltr'><strong>notio</strong></span> <span class='ocrx_word' id='word_1_209' title='bbox 458 3378 547 3442; x_wconf 90' lang='lat' dir='ltr'><strong>nulla</strong></span> <span class='ocrx_word' id='word_1_210' title='bbox 577 3377 702 3442; x_wconf 79' lang='lat' dir='ltr'><strong>laboret</strong></span> <span class='ocrx_word' id='word_1_211' title='bbox 732 3382 962 3463; x_wconf 81' lang='lat' dir='ltr'><strong>repugnantia3</strong></span> <span class='ocrx_word' id='word_1_212' title='bbox 993 3378 1182 3443; x_wconf 81' lang='lat' dir='ltr'><strong>Leibnisius</strong></span> 
     </span>
     <span class='ocr_line' id='line_1_26' title="bbox 85 3479 1180 3574; baseline 0.003 -18"><span class='ocrx_word' id='word_1_213' title='bbox 85 3488 222 3574; x_wconf 82' lang='lat' dir='ltr'><strong>prorsus</strong></span> <span class='ocrx_word' id='word_1_214' title='bbox 241 3496 372 3558; x_wconf 90' lang='lat' dir='ltr'><strong>tandem</strong></span> <span class='ocrx_word' id='word_1_215' title='bbox 395 3482 725 3559; x_wconf 78' lang='lat' dir='ltr'><strong>concederedebebit</strong></span> <span class='ocrx_word' id='word_1_216' title='bbox 741 3479 905 3558; x_wconf 79' lang='lat' dir='ltr'><strong>Anselme.</strong></span> <span class='ocrx_word' id='word_1_217' title='bbox 951 3492 1180 3559; x_wconf 88' lang='lat' dir='ltr'><strong>Vernmenim·</strong></span> 
     </span>
     <span class='ocr_line' id='line_1_27' title="bbox 86 3609 1179 3697; baseline 0.005 -23"><span class='ocrx_word' id='word_1_218' title='bbox 86 3632 165 3675; x_wconf 85' lang='lat' dir='ltr'><strong>vero</strong></span> <span class='ocrx_word' id='word_1_219' title='bbox 188 3632 224 3673; x_wconf 87' lang='lat' dir='ltr'><strong>re</strong></span> <span class='ocrx_word' id='word_1_220' title='bbox 246 3615 427 3697; x_wconf 76' lang='lat' dir='ltr'><strong>accuratius</strong></span> <span class='ocrx_word' id='word_1_221' title='bbox 450 3612 686 3693; x_wconf 88' lang='lat' dir='ltr'><strong>perpensitata‚</strong></span> <span class='ocrx_word' id='word_1_222' title='bbox 716 3611 813 3697; x_wconf 80' lang='lat' dir='ltr'><strong>longe</strong></span> <span class='ocrx_word' id='word_1_223' title='bbox 842 3609 939 3676; x_wconf 89' lang='lat' dir='ltr'><strong>aliter</strong></span> <span class='ocrx_word' id='word_1_224' title='bbox 957 3611 1179 3695; x_wconf 83' lang='lat' dir='ltr'><strong>judicandum.</strong></span> 
     </span>
     <span class='ocr_line' id='line_1_28' title="bbox 86 3728 1181 3813; baseline 0.003 -19"><span class='ocrx_word' id='word_1_225' title='bbox 86 3728 289 3810; x_wconf 81' lang='lat' dir='ltr'><strong>Quamquam</strong></span> <span class='ocrx_word' id='word_1_226' title='bbox 318 3734 403 3794; x_wconf 90' lang='lat' dir='ltr'><strong>anim</strong></span> <span class='ocrx_word' id='word_1_227' title='bbox 434 3732 542 3795; x_wconf 83' lang='lat' dir='ltr'><strong>omnia</strong></span> <span class='ocrx_word' id='word_1_228' title='bbox 570 3730 599 3791; x_wconf 90' lang='lat' dir='ltr'><strong>si</strong></span> <span class='ocrx_word' id='word_1_229' title='bbox 624 3732 753 3809; x_wconf 89' lang='lat' dir='ltr'><strong>penitus</strong></span> <span class='ocrx_word' id='word_1_230' title='bbox 783 3728 975 3795; x_wconf 84' lang='lat' dir='ltr'><strong>haberemus</strong></span> <span class='ocrx_word' id='word_1_231' title='bbox 1004 3740 1181 3813; x_wconf 82' lang='lat' dir='ltr'><strong>perspecta,</strong></span> 
     </span>
     <span class='ocr_line' id='line_1_29' title="bbox 84 3845 1179 3939; baseline 0 -28"><span class='ocrx_word' id='word_1_232' title='bbox 84 3856 222 3912; x_wconf 83' lang='lat' dir='ltr'><strong>tanturn·</strong></span> <span class='ocrx_word' id='word_1_233' title='bbox 236 3848 381 3929; x_wconf 90' lang='lat' dir='ltr'><strong>abesset,</strong></span> <span class='ocrx_word' id='word_1_234' title='bbox 404 3852 548 3939; x_wconf 16' lang='lat' dir='ltr'><strong>utsinter</strong></span> <span class='ocrx_word' id='word_1_235' title='bbox 570 3845 620 3925; x_wconf 90' lang='lat' dir='ltr'><strong>id,</strong></span> <span class='ocrx_word' id='word_1_236' title='bbox 644 3846 727 3926; x_wconf 84' lang='lat' dir='ltr'><strong>quad</strong></span> <span class='ocrx_word' id='word_1_237' title='bbox 748 3868 818 3912; x_wconf 87' lang='lat' dir='ltr'><strong>esse</strong></span> <span class='ocrx_word' id='word_1_238' title='bbox 839 3857 950 3933; x_wconf 81' lang='lat' dir='ltr'><strong>potest</strong></span> <span class='ocrx_word' id='word_1_239' title='bbox 973 3857 1005 3913; x_wconf 91' lang='lat' dir='ltr'><strong>et</strong></span> <span class='ocrx_word' id='word_1_240' title='bbox 1023 3870 1101 3913; x_wconf 85' lang='lat' dir='ltr'><strong>sere</strong></span> <span class='ocrx_word' id='word_1_241' title='bbox 1119 3857 1179 3927; x_wconf 88' lang='lat' dir='ltr'><strong>est,</strong></span> 
     </span>
     <span class='ocr_line' id='line_1_30' title="bbox 84 3964 1181 4044; baseline -0.002 -15"><span class='ocrx_word' id='word_1_242' title='bbox 84 3964 189 4029; x_wconf 90' lang='lat' dir='ltr'><strong>ullum</strong></span> <span class='ocrx_word' id='word_1_243' title='bbox 212 3965 426 4029; x_wconf 85' lang='lat' dir='ltr'><strong>intercederet</strong></span> <span class='ocrx_word' id='word_1_244' title='bbox 447 3964 637 4041; x_wconf 79' lang='lat' dir='ltr'><strong>discrimen,</strong></span> <span class='ocrx_word' id='word_1_245' title='bbox 658 3970 694 4026; x_wconf 88' lang='lat' dir='ltr'><strong>ut</strong></span> <span class='ocrx_word' id='word_1_246' title='bbox 717 3966 813 4044; x_wconf 88' lang='lat' dir='ltr'><strong>(quae</strong></span> <span class='ocrx_word' id='word_1_247' title='bbox 836 3969 978 4030; x_wconf 87' lang='lat' dir='ltr'><strong>amnium</strong></span> <span class='ocrx_word' id='word_1_248' title='bbox 1001 3982 1107 4025; x_wconf 84' lang='lat' dir='ltr'><strong>rerum</strong></span> <span class='ocrx_word' id='word_1_249' title='bbox 1131 3969 1181 4027; x_wconf 89' lang='lat' dir='ltr'><strong>est</strong></span> 
     </span>
    </p>

    <p class='ocr_par' dir='ltr' id='par_1_8' title="bbox 35 4079 1179 4403">
     <span class='ocr_line' id='line_1_31' title="bbox 35 4079 1179 4166; baseline -0.004 -20"><span class='ocrx_word' id='word_1_250' title='bbox 35 4154 37 4159; x_wconf 10' lang='grc' dir='ltr'><em>Α</em></span> <span class='ocrx_word' id='word_1_251' title='bbox 86 4084 278 4166; x_wconf 84' lang='lat' dir='ltr'><strong>neeessitas)</strong></span> <span class='ocrx_word' id='word_1_252' title='bbox 302 4083 444 4146; x_wconf 89' lang='lat' dir='ltr'><strong>divinum</strong></span> <span class='ocrx_word' id='word_1_253' title='bbox 468 4101 604 4163; x_wconf 86' lang='lat' dir='ltr'><strong>quoque,</strong></span> <span class='ocrx_word' id='word_1_254' title='bbox 627 4080 836 4161; x_wconf 86' lang='lat' dir='ltr'><strong>quodeunque</strong></span> <span class='ocrx_word' id='word_1_255' title='bbox 856 4102 928 4144; x_wconf 87' lang='lat' dir='ltr'><strong>esse</strong></span> <span class='ocrx_word' id='word_1_256' title='bbox 944 4087 1069 4163; x_wconf 82' lang='lat' dir='ltr'><strong>posset,</strong></span> <span class='ocrx_word' id='word_1_257' title='bbox 1093 4079 1179 4142; x_wconf 89' lang='lat' dir='ltr'><strong>idem</strong></span> 
     </span>
     <span class='ocr_line' id='line_1_32' title="bbox 84 4197 1179 4280; baseline -0.002 -18"><span class='ocrx_word' id='word_1_258' title='bbox 84 4202 184 4264; x_wconf 80' lang='lat' dir='ltr'><strong>etiam</strong></span> <span class='ocrx_word' id='word_1_259' title='bbox 200 4202 418 4264; x_wconf 78' lang='lat' dir='ltr'><strong>necessarium</strong></span> <span class='ocrx_word' id='word_1_260' title='bbox 438 4200 661 4278; x_wconf 81' lang='lat' dir='ltr'><strong>reperireturr.</strong></span> <span class='ocrx_word' id='word_1_261' title='bbox 675 4202 784 4260; x_wconf 89' lang='lat' dir='ltr'><strong>tamen</strong></span> <span class='ocrx_word' id='word_1_262' title='bbox 800 4197 949 4275; x_wconf 88' lang='lat' dir='ltr'><strong>quoniam</strong></span> <span class='ocrx_word' id='word_1_263' title='bbox 966 4198 1106 4280; x_wconf 83' lang='lat' dir='ltr'><strong>cognitio</strong></span> <span class='ocrx_word' id='word_1_264' title='bbox 1122 4216 1179 4260; x_wconf 87' lang='lat' dir='ltr'><strong>nu·</strong></span> 
     </span>
     <span class='ocr_line' id='line_1_33' title="bbox 89 4312 1178 4403; baseline -0.002 -22"><span class='ocrx_word' id='word_1_265' title='bbox 89 4326 154 4384; x_wconf 85' lang='lat' dir='ltr'><strong>stra</strong></span> <span class='ocrx_word' id='word_1_266' title='bbox 178 4320 322 4400; x_wconf 79' lang='lat' dir='ltr'><strong>angustis</strong></span> <span class='ocrx_word' id='word_1_267' title='bbox 346 4317 583 4393; x_wconf 77' lang='lat' dir='ltr'><strong>circumscripta</strong></span> <span class='ocrx_word' id='word_1_268' title='bbox 606 4325 655 4377; x_wconf 91' lang='lat' dir='ltr'><strong>est</strong></span> <span class='ocrx_word' id='word_1_269' title='bbox 677 4312 847 4403; x_wconf 56' lang='lat' dir='ltr'><strong>cancellis,</strong></span> <span class='ocrx_word' id='word_1_270' title='bbox 871 4316 904 4377; x_wconf 90' lang='lat' dir='ltr'><strong>in</strong></span> <span class='ocrx_word' id='word_1_271' title='bbox 926 4316 1178 4397; x_wconf 82' lang='lat' dir='ltr'><strong>argumentanda</strong></span> 
     </span>
    </p>

    <p class='ocr_par' dir='ltr' id='par_1_9' title="bbox 48 4425 1177 4518">
     <span class='ocr_line' id='line_1_34' title="bbox 48 4425 1177 4518; baseline -0.001 -21"><span class='ocrx_word' id='word_1_272' title='bbox 48 4458 50 4462; x_wconf 92' lang='lat'>·</span> <span class='ocrx_word' id='word_1_273' title='bbox 91 4455 249 4516; x_wconf 89' lang='lat' dir='ltr'><strong>nunquam</strong></span> <span class='ocrx_word' id='word_1_274' title='bbox 266 4435 345 4499; x_wconf 89' lang='lat' dir='ltr'><strong>satis</strong></span> <span class='ocrx_word' id='word_1_275' title='bbox 359 4431 513 4496; x_wconf 88' lang='lat' dir='ltr'><strong>habemus</strong></span> <span class='ocrx_word' id='word_1_276' title='bbox 528 4425 578 4510; x_wconf 78' lang='lat' dir='ltr'><strong>ee,</strong></span> <span class='ocrx_word' id='word_1_277' title='bbox 600 4429 683 4510; x_wconf 87' lang='lat' dir='ltr'><strong>qued</strong></span> <span class='ocrx_word' id='word_1_278' title='bbox 700 4450 770 4496; x_wconf 90' lang='lat' dir='ltr'><strong>esse</strong></span> <span class='ocrx_word' id='word_1_279' title='bbox 781 4439 893 4515; x_wconf 78' lang='lat' dir='ltr'><strong>potest</strong></span> <span class='ocrx_word' id='word_1_280' title='bbox 909 4433 1009 4518; x_wconf 83' lang='lat' dir='ltr'><strong>(reete</strong></span> <span class='ocrx_word' id='word_1_281' title='bbox 1021 4433 1069 4497; x_wconf 86' lang='lat' dir='ltr'><strong>ite</strong></span> <span class='ocrx_word' id='word_1_282' title='bbox 1081 4436 1177 4497; x_wconf 89' lang='lat' dir='ltr'><strong>etiam</strong></span> 
     </span>
    </p>
   </div>
   <div class='ocr_carea' id='block_1_8' title="bbox 0 0 1526 5376">
    <p class='ocr_par' dir='ltr' id='par_1_10' title="bbox 0 0 1526 5376">
     <span class='ocr_line' id='line_1_35' title="bbox 0 0 1526 5376; baseline 0 1"><span class='ocrx_word' id='word_1_283' title='bbox 0 0 1526 5376; x_wconf 95' lang='lat' dir='ltr'><strong> </strong></span> 
     </span>
    </p>
   </div>
  </div>
 </body>
</html>
