3044 5376
524 440 779 506 ...69-

103 617 239 682 utiliteti
254 616 390 692 ideoque
403 610 563 677 voluntati
586 636 650 678 non
674 614 934 700 congruentibus.
981 617 1193 685 Luculentum

103 737 200 817 hujus
222 737 271 796 rei
294 729 480 810 exemplum
504 732 660 811 praebent
682 740 810 796 centnm
835 732 883 795 illi
901 734 1086 814 imperiales
1100 735 1192 799 Ken-

100 876 213 940 rmm.
248 848 415 914 Videlicet
446 870 541 929 quum
572 850 656 912 haud
687 848 785 913 facile
816 872 874 913 nos
896 853 1001 935 fugiat
1021 874 1041 914 a
1063 861 1189 916 centum

99 968 319 1050 imperialibus
341 975 466 1045 tantum
490 974 650 1054 cogitatis
672 966 768 1051 louge
792 971 898 1031 minus
915 972 946 1031 in
964 990 1023 1032 nos
1038 969 1189 1034 utilitatis

97 1086 286 1163 redundare,
310 1106 403 1165 quam
423 1106 442 1149 a
461 1089 547 1148 veris
563 1076 801 1167 imperialibus:
825 1085 908 1148 hunc
925 1087 1084 1151 deiectum
1101 1109 1188 1150 emo-

97 1202 233 1266 lumenti
255 1205 358 1265 nostri
380 1202 421 1264 ad
442 1206 491 1265 rei
513 1206 615 1284 ipsius
629 1205 788 1268 delectum
803 1211 839 1267 ut
853 1204 1084 1298 mansferamus
1100 1205 1188 1268 facili

98 1322 228 1403 negotio
258 1338 444 1397 movemur,
476 1322 592 1402 quippe
619 1329 674 1403 qui
703 1324 804 1385 nostri
835 1324 976 1400 ipsorum
1007 1343 1097 1385 arnor
1117 1326 1187 1404 jam

98 1413 327 1515 saepenumero
341 1435 544 1517 philosophis
562 1458 686 1518 quoque
698 1442 896 1519 imposuerit.
941 1437 1014 1503 Nou
1029 1440 1190 1503 satisfacit

95 1555 193 1631 deus,
223 1557 277 1633 qui
306 1555 377 1618 sola
397 1560 592 1641 cogitatione
616 1553 823 1619 conficiatur:
854 1576 950 1619 verus
972 1576 1010 1618 uc
1030 1558 1188 1638 genuinus

42 1647 46 1653 ¹
96 1672 176 1735 deus
206 1672 434 1738 desideratur:
465 1673 539 1737 hinc
567 1675 638 1736 solu
667 1673 718 1735 dei
750 1677 904 1756 cogitatio
935 1673 1096 1736 delectum
1118 1676 1188 1735 sive

55 1793 59 1801 '
95 1790 375 1882 imperfectionem
397 1793 525 1855 videtur
547 1793 712 1853 continere
742 1798 774 1853 et
797 1791 849 1853 vel
877 1794 1001 1869 species
1024 1792 1187 1869 arripitur,

95 1915 130 1969 ut
153 1929 229 1970 vere
252 1911 474 1972 constituatur.
519 1908 587 1971 Nec
611 1910 708 1989 igitur
727 1909 843 1969 mirum
862 1891 954 1971 nobis
970 1906 1081 1984 cadet,
1105 1907 1187 1985 quod

95 2046 191 2088 nemo
214 2019 336 2104 homo,
369 2031 520 2108 qnantum
553 2023 700 2103 equidem
733 2028 888 2108 cognovi,
918 2023 1080 2109 diabolum
1112 2026 1133 2085 i.
1158 2046 1185 2084 e.

97 2153 245 2207 naturam
269 2143 417 2222 perfecte
439 2149 621 2223 corruptam
645 2163 689 2204 ex
712 2144 828 2206 suimet
849 2145 952 2223 ipsius
969 2145 1100 2205 notione
1118 2144 1139 2203 i.
1157 2165 1185 2204 e.

93 2283 112 2321 e
135 2261 296 2339 perfectae
321 2269 453 2327 naturae
478 2265 607 2325 notione
631 2261 787 2324 deducere
809 2261 944 2324 studuit.

114 2445 116 2449 ,
182 2377 235 2440 Ex
266 2378 316 2440 nis
344 2388 450 2443 autem
482 2380 630 2442 omnibus
652 2379 712 2440 hoc
741 2378 868 2440 videtur
898 2374 1001 2454 effici,
1034 2383 1071 2438 ut
1093 2376 1186 2436 deum

94 2498 242 2575 quamvis
273 2504 418 2559 naturam
451 2500 643 2577 perlectam,
682 2504 813 2558 exstare
837 2514 935 2577 posce
964 2491 1186 2568 concedamus,

93 2634 167 2674 esse
196 2611 315 2675 debere
344 2632 506 2696 negemus.
528 2613 617 2677 ,Bes
648 2616 732 2676 enim
763 2612 809 2692 (id
832 2612 915 2692 quod
936 2610 1055 2694 agitur)
1079 2618 1188 2671 manet

94 2730 225 2803 eadem3
250 2732 339 2792 notio
362 2738 469 2794 autem
493 2732 643 2812 impletur
667 2740 700 2795 et
721 2739 862 2794 mutatur
883 2751 941 2809 per
961 2727 1042 2805 loci,
1065 2725 1120 2788 ubi
1136 2747 1187 2787 res

80 2854 226 2920 exstat,
249 2848 490 2923 diversitatem,
514 2871 595 2926 quae
617 2870 684 2909 rem
708 2853 810 2924 ipsam
835 2868 898 2908 non
921 2850 1081 2906 immutat.

184 2959 396 3023 Desideratur
415 2962 553 3024 fortasse
575 2960 669 3039 illud,
694 2981 755 3040 quo
779 2963 838 3023 vix
862 2964 992 3039 propius
1016 2957 1187 3037 quidquam

96 3076 209 3139 abesse
231 3076 394 3141 videatur:
426 3082 544 3141 etenim
574 3088 609 3142 ut
639 3098 844 3156 moneamus,
873 3085 976 3141 totum
1008 3075 1069 3138 hoc
1091 3096 1188 3158 argu-

95 3200 238 3257 mentum
263 3194 410 3259 omnihus
432 3195 507 3260 aliis
531 3195 774 3260 difficultatibus
798 3177 1044 3275 praetermissis,
1068 3214 1107 3256 eo
1131 3214 1188 3272 po-

96 3314 255 3374 tissimum
280 3310 445 3392 laborare,
475 3317 558 3393 quod
591 3315 670 3377 nilril
704 3334 832 3393 prorsus
853 3314 985 3392 afferet,
1016 3333 1072 3375 cur
1094 3312 1188 3372 deum

98 3433 277 3511 cogitemus
300 3446 432 3488 necesse
454 3430 506 3490 sit.
550 3430 600 3493 lta
624 3430 814 3493 Brennorn.
838 3431 882 3510 (p.
901 3431 967 3507 14.)
989 3426 1132 3509 postulat
1148 3426 1187 3486 ad

96 3553 318 3629 argumentum
342 3543 630 3625 corroborandum,
652 3557 688 3609 ut
710 3592 732 3625 „
742 3547 996 3625 demonstretur,
1022 3566 1079 3606 nos
1097 3543 1186 3606 illam

97 3665 202 3728 ideam
226 3684 290 3724 non
312 3683 369 3741 pro
391 3660 497 3725 lubitu
526 3685 619 3741 posse
637 3663 693 3726 vvel
717 3666 860 3745 cogitare
882 3661 936 3725 vel
958 3683 1021 3726 non
1045 3665 1186 3748 cogitare

98 3784 155 3845 sed
178 3802 309 3844 neccsse
330 3787 419 3860 esse',
445 3801 502 3843 nos
524 3802 595 3843 eam
618 3785 785 3864 cogitare“
810 3788 842 3844 et
858 3781 1009 3846 similiter
1023 3780 1188 3844 Cartesius

99 3902 132 3961 in
159 3898 366 3962 meditatione
390 3897 431 3963 V.
461 3921 491 3980 p.
523 3876 578 3973 33.ι
606 3897 746 3976 „multis
776 3902 878 3963 raedis
904 3900 1052 3980 intelligo
1083 3897 1187 3958 ideam

100 4019 151 4080 dei
176 4038 240 4080 non
264 4037 335 4079 esse
358 4018 432 4096 quid
454 4015 605 4080 fictitium
633 4040 652 4078 a
674 4020 868 4100 cogitatione
891 4039 963 4078 meu
986 4012 1188 4092 dependens3

102 4136 157 4198 sed
172 4138 344 4219 imaginem
364 4154 459 4196 verae
473 4145 507 4197 et
525 4134 734 4198 immutabilis
751 4138 920 4198 naturee.“
966 4132 1083 4194 Fateor
1099 4133 1187 4208 equi·

101 4255 174 4316 dem
197 4274 248 4316 me
271 4256 374 4332 ipsum
398 4274 523 4332 quoque
545 4253 584 4315 ab
608 4256 701 4316 initio
716 4256 750 4314 in
767 4251 877 4315 eadem
894 4251 1055 4314 sententia
1071 4248 1188 4318 fuisse3

104 4373 159 4437 sed
176 4371 322 4435 Anselmi
346 4373 623 4455 argumentatione
645 4374 824 4435 accuratius
843 4372 1021 4451 pensitata,
1045 4387 1115 4430 eam
1132 4364 1186 4427 ab·
