3044 5376
786 488 1012 552 ..4.-

357 672 469 729 tratur.
513 661 541 725 A
566 663 757 746 dogmaticis
780 664 937 728 ecclesiae
960 673 1089 729 nostrae
1112 668 1343 732 vetustioribus
1362 674 1446 751 (per-

357 784 467 864 paucis
491 783 639 860 exceptis
670 779 773 844 veluti
797 779 940 862 Baierol·
959 793 1148 864 argumenta
1179 788 1241 848 ista
1269 787 1360 850 flocci
1390 791 1446 853 du-

357 906 490 976 cuntur,
519 899 634 976 quippe
665 919 759 976 qaum
791 906 1049 979 argumentorum
1079 900 1274 982 reliquorum
1306 909 1447 969 omnium
1520 920 1521 937 ¹

358 1017 429 1080 loco
448 1012 669 1078 exhibendum
692 1016 735 1075 'sit
758 1014 809 1093 id,
837 1016 920 1094 quod
952 1037 971 1076 a
999 1016 1192 1083 revelatione
1221 1025 1290 1100 ipsa
1311 1029 1446 1102 petatur.

358 1132 543 1214 „Nimirum
560 1132 638 1193 deus
647 1130 703 1192 ubi
717 1152 789 1194 sese
802 1135 1034 1214 manifestavit,
1049 1156 1119 1199 esse
1133 1141 1229 1200 etiam
1248 1139 1447 1223 debebit“*).

357 1251 493 1330 Antiqui
521 1250 692 1331 dogmatici
724 1270 818 1327 quum
849 1250 1027 1329 despicatui
1058 1253 1125 1314 fere
1156 1252 1296 1318 habeant
1326 1266 1451 1336 praeter
1484 1250 1487 1256 ¹

359 1368 419 1431 hoo
440 1388 538 1429 unum
562 1375 784 1448 argumentum
813 1367 938 1450 reliqua
968 1371 1095 1447 omnia,
1125 1375 1202 1434 item
1232 1372 1450 1451 exploduntur

358 1493 391 1548 et
414 1486 523 1564 ipsia
553 1483 785 1546 recentioribus
816 1485 1006 1568 dogmaticis
1037 1486 1253 1553 liberioribus.
1299 1491 1449 1555 Attamen

358 1609 505 1665 neutrum
537 1621 608 1661 cum
643 1620 721 1661 vero
762 1603 956 1665 concordare
992 1606 1177 1683 putandum.
1233 1606 1316 1670 Nam
1349 1611 1447 1672 circu-

358 1718 427 1795 lus,
457 1737 551 1795 quem
574 1716 740 1777 dicuntia
763 1723 833 1780 tota
861 1716 921 1780 hac
950 1726 1228 1804 argumentatione
1257 1724 1378 1803 latere,
1409 1729 1449 1790 iis

357 1839 482 1897 tautum
506 1833 694 1916 dogmaticis
716 1832 887 1911 opprobrio
911 1844 961 1897 est
979 1839 1163 1919 vertenduS,
1186 1844 1240 1920 qui
1255 1840 1353 1905 fidem
1370 1848 1445 1907 scri·

313 1919 316 1923 .
358 1955 471 2027 pturae
502 1969 613 2012 sacrae
641 1934 678 2012 ut
706 1947 916 2013 revelationis
944 1950 1111 2017 absolutae
1133 1956 1214 2019 fonti
1235 1980 1306 2023 esse
1329 1960 1447 2025 haben-

359 2066 451 2143 dam,
471 2069 671 2148 argumentis
695 2069 844 2129 evincere
867 2090 930 2130 non
953 2072 1018 2133 sint
1040 2075 1156 2136 conati.
1200 2075 1323 2150 Quodsi
1339 2083 1390 2143 cui
1404 2102 1449 2145 ex

359 2179 521 2260 aliquibus
545 2183 783 2262 quibuscunque
812 2189 917 2248 causis
940 2190 1160 2254 rationalibus
1183 2216 1366 2272 persuasum
1390 2209 1450 2277 est,

359 2296 457 2361 fidem
482 2296 613 2363 Christo
636 2299 875 2383 adjungendam
904 2323 975 2363 esse
1006 2305 1170 2371 indubiam
1193 2315 1330 2406 ejusque
1352 2317 1450 2382 verba

358 2423 415 2480 aut
442 2424 530 2479 certe
557 2400 652 2479 sensa
684 2437 760 2478 vere
789 2417 829 2478 ad
851 2423 1049 2496 posteritatis
1072 2432 1258 2493 memoriam
1282 2453 1352 2496 esse
1377 2456 1450 2514 pro·

357 2540 490 2617 pagata:
523 2555 563 2596 ne
593 2532 674 2596 illud
706 2535 833 2614 quidem
865 2538 897 2598 in
927 2537 1160 2606 dubitationem
1185 2552 1302 2626 poterit
1323 2551 1450 2631 adduci,

358 2653 435 2728 quin
453 2651 532 2714 deus
548 2648 678 2713 Christo
694 2657 776 2714 teste
791 2650 1058 2736 locupletissimo,
1080 2643 1194 2725 reuera
1211 2676 1331 2734 exstet.
1364 2669 1452 2746 Quid

359 2766 468 2828 enimi
502 2765 554 2829 An
577 2764 639 2831 hoc
661 2767 715 2830 vel
737 2769 907 2834 articulum
926 2778 1080 2853 temporis
1098 2784 1217 2856 poterit
1232 2784 1362 2849 dubium
1379 2810 1453 2853 esse

358 2851 421 2962 iis,
452 2886 507 2964 qui
529 2882 714 2964 Christum,
747 2889 848 2966 ipsius
872 2891 1051 2954 testimonii
1077 2895 1127 2957 vel
1151 2903 1259 2977 potins
1280 2909 1453 2986 gravitatis

359 3001 501 3080 moralis,
525 3023 587 3082 qua
611 3000 761 3066 Christus
784 3005 877 3068 uobis
899 3029 971 3071 sese
994 3011 1100 3089 offert,
1124 3016 1266 3094 pondere
1285 3028 1451 3103 commoti,

358 3118 410 3180 dei
434 3117 538 3181 filium
563 3119 721 3184 habeant?
765 3123 839 3185 Nou
861 3125 956 3187 credo
979 3130 1145 3206 equidem;
1176 3155 1213 3196 ac
1236 3157 1331 3214 quum
1355 3142 1454 3206 mihi-

318 3198 321 3208 Ι
359 3241 426 3296 met
444 3236 517 3312 ipsi,
535 3235 618 3313 quod
637 3237 733 3298 modo
753 3243 942 3319 memoravi,
955 3246 1147 3326 justissimis
1164 3255 1276 3330 opinor
1289 3256 1329 3318 de
1345 3230 1454 3325 causis

360 3370 546 3428 persuasum
561 3354 615 3430 sit,
631 3374 691 3436 ego
706 3361 793 3417 certe
808 3376 892 3419 nunc
907 3365 1060 3440 temporis
1076 3369 1156 3430 satis
1166 3368 1318 3435 haberem
1329 3374 1456 3445 Christi

319 3518 323 3525 ,
360 3442 417 3544 pro
448 3467 499 3529 dei
531 3470 709 3533 existentia
736 3475 930 3540 testimonio.
962 3517 1001 3527 -
1045 3480 1257 3552 Atenimvero
1290 3494 1360 3575 jam
1396 3518 1457 3575 per

364 3634 572 3648 σ--ι

428 3727 458 3800 *)
476 3733 627 3787 Referuntur
643 3741 719 3805 vulgo
738 3744 769 3793 ad
788 3747 891 3796 eandem
907 3749 969 3798 hanc
983 3752 1222 3812 argumentationem
1238 3755 1312 3805 etiam
1325 3758 1453 3810 Ullmarm.
1520 3804 1521 3829 q

362 3818 387 3868 in
406 3812 477 3869 Slud.
503 3827 529 3869 et
547 3819 608 3874 Crit.
630 3825 705 3877 1835.
732 3842 756 3891 p.
776 3829 851 3892 602,
879 3831 919 3880 cui
944 3832 1037 3883 Christi
1060 3849 1183 3898 personae
1210 3837 1307 3890 indoles
1330 3855 1455 3894 summam
1520 3838 1521 3873 ³

358 3903 483 3967 quandam
501 3912 622 3969 naturam,
641 3913 809 3974 praestantiae
829 3915 900 3965 illius
921 3931 1020 3966 causam
1039 3932 1069 3966 ae
1089 3917 1196 3979 iontem,
1217 3920 1287 3986 loqui
1307 3925 1408 4001 videtur
1428 3938 1457 3980 et

358 3984 441 4037 Storr.
459 3987 565 4054 (Lehrb.
585 3991 632 4043 der
647 3993 771 4059 Doqmot.
788 4012 811 4061 p.
830 3999 891 4050 262.
918 3996 943 4063 §.
964 3999 1034 4065 19.),
1063 4001 1105 4064 qui
1129 4017 1142 4050 a
1167 4003 1296 4058 miraculis
1315 4025 1330 4059 a
1350 4010 1456 4064 Christo

362 4069 469 4135 ejusque
494 4073 625 4139 discipulis
649 4081 799 4143 perpetratis
826 4089 852 4131 et
873 4084 903 4133 ad
926 4083 1058 4133 consilium
1078 4088 1262 4155 potentiamque
1286 4093 1457 4161 uolneratis,

362 4165 533 4218 argumentum
556 4173 601 4225 pro
626 4160 668 4211 dei
691 4163 827 4214 existentia
850 4173 937 4228 potere
962 4174 1073 4218 conatur.
1108 4167 1171 4223 Sunt
1190 4182 1272 4227 autem
1294 4180 1356 4231 baec
1376 4196 1459 4245 argu-

363 4247 459 4302 menta,
485 4251 606 4307 quatenus
624 4261 672 4294 non
692 4247 717 4295 in
735 4247 791 4295 sola
809 4246 857 4296 fide
876 4246 975 4299 Christo
992 4250 1105 4305 habenda
1124 4258 1250 4323 nituntur,
1272 4265 1358 4315 eadeiu
1377 4273 1460 4331 atquc

362 4333 533 4387 usamentum
552 4330 746 4392 teleologicum,
773 4331 838 4394 quod
864 4333 957 4384 nullam
984 4336 1078 4389 habore
1102 4342 1152 4393 vim
1179 4354 1308 4410 cogentem
1335 4348 1402 4400 infra
1430 4351 1461 4400 in

363 4409 431 4459 alara
450 4411 508 4461 luce
527 4413 654 4463 collocare
671 4414 837 4464 studebimus.
