3044 5376
756 495 1008 562 ..58-

414 678 572 753 Quocirca
584 674 829 752 Daonrscnrns,
848 675 896 733 vir
909 690 1033 733 summe
1047 667 1244 730 reverendas
1259 676 1295 729 et
1301 668 1435 749 judicio

337 801 511 859 instructus
524 792 699 854 admodum
722 791 865 869 subacto,
887 810 955 850 rem
973 809 1034 850 aen
1049 787 1197 868 tetigisse
1210 805 1274 846 non
1292 785 1433 863 videtur,

337 913 420 1000 qnod
444 930 585 974 errorem
601 907 749 970 Anselmi
773 912 806 972 in
828 905 984 1005 ‚,lallacia
1000 906 1099 968 medii
1114 902 1213 967 falsi“
1231 903 1432 966 censendam

337 1053 408 1094 esse
430 1036 530 1109 putat.
574 1025 682 1089 Habet
704 1028 791 1090 enim
813 1025 1099 1109 argumentationis
1117 1021 1351 1084 Anselmianae
1368 1042 1432 1089 no·

335 1154 457 1213 tionem
483 1145 620 1209 mediam
650 1144 921 1223 „perlectionis“
951 1144 1134 1218 notionem,
1164 1161 1246 1224 qaae
1269 1140 1303 1201 in
1326 1137 1432 1201 altera

337 1272 427 1345 parte
457 1264 604 1345 designet
632 1271 854 1345 argumentum
882 1260 1028 1341 plennm3
1058 1263 1091 1323 in
1116 1267 1207 1338 parte
1228 1251 1335 1320 altae
1357 1243 1431 1318 exi-

338 1385 478 1446 stentiae
499 1382 697 1464 agnitionem
720 1377 911 1443 absolutam.
954 1375 1020 1440 sea
1043 1379 1090 1440 ita
1112 1398 1178 1438 non
1205 1382 1265 1438 eet.
1310 1372 1428 1437 Assel-

338 1522 408 1563 nms
438 1496 580 1562 calculos
609 1500 657 1559 sic
686 1496 860 1559 subduxit:
892 1496 927 1577 l)
950 1503 1064 1558 natura
1086 1491 1235 1557 absolata
1256 1514 1315 1572 eo,
1346 1491 1430 1572 qaod

337 1625 387 1681 est
408 1614 556 1679 absoluta
579 1615 749 1696 (judicium
773 1588 860 1676 enim
883 1622 932 1677 eet
954 1611 1165 1695 analyticum)
1187 1632 1318 1673 omnem
1332 1609 1430 1672 babet

337 1734 586 1815 perfectionem,
615 1732 655 1794 ad
687 1751 781 1811 quarn
803 1731 973 1795 referenda
996 1738 1046 1795 est
1067 1732 1165 1794 etiam
1188 1731 1365 1792 existentia
1395 1730 1429 1809 2)

337 1849 417 1912 oens
445 1856 551 1910 autem
583 1854 633 1913 est
662 1848 965 1928 natumnatum,
995 1850 1030 1932 3)
1048 1852 1120 1933 jam
1142 1849 1271 1927 proprie
1293 1821 1432 1910 debebat

337 1988 472 2050 pergere
500 1973 581 2046 „est
609 1969 707 2050 igitur
735 1967 814 2030 deus
842 1968 1002 2048 perlectos
1011 1972 1052 2040 “3
1082 1966 1140 2028 sed
1164 1965 1237 2048 (nec
1263 1966 1429 2043 qnisquam

247 2165 251 2168 .
338 2087 457 2166 poterit
472 2084 671 2166 obstrepere)
688 2105 747 2164 pro
761 2084 989 2164 disputationis
1008 2082 1146 2146 consilio
1160 2087 1430 2165 pertentantem

338 2198 546 2282 perfectionis
569 2201 684 2280 plenae
704 2205 774 2284 jam
797 2204 924 2272 evictae
942 2202 983 2269 sd
999 2200 1238 2266 conclusionem
1254 2196 1429 2263 conficien-

338 2320 413 2382 dam
440 2317 573 2381 adhibet
601 2327 634 2381 et
665 2322 788 2402 pergit:
824 2340 934 2403 „ergo
963 2318 1061 2382 babet
1091 2320 1170 2381 dens
1200 2318 1452 2397 perlectionem,

339 2441 573 2500 sententiam
607 2440 641 2519 (i.
667 2459 696 2499 e.
719 2459 790 2499 eem
809 2438 1058 2516 perfectionem,
1087 2459 1169 2516 qnae
1196 2414 1302 2516 posita
1324 2441 1375 2496 est
1398 2438 1431 2496 in

338 2553 584 2636 existentiali).
629 2551 698 2617 Nec
721 2555 820 2637 igitar
841 2556 1107 2633 ‚‚perlectionis“
1139 2556 1228 2617 notio
1256 2555 1431 2627 terminum

339 2668 477 2732 medinm
501 2672 686 2747 constitnit,
717 2669 773 2731 sed
804 2718 826 2750 ,‚
836 2679 968 2734 naturae
989 2669 1158 2735 absolutae
1167 2675 1188 2708 “
1211 2669 1313 2754 (Μ-
1325 2669 1375 2755 Μ)
1400 2680 1433 2734 et
1513 2698 1519 2761 p

339 2786 452 2850 eadem
477 2795 527 2850 est
548 2787 757 2866 perfectionis
778 2790 868 2851 notio
890 2791 924 2851 in
946 2793 1167 2870 propositione
1189 2793 1315 2872 majore
1332 2796 1431 2868 atque

338 2909 372 2968 in
397 2903 614 2969 conclusione.
658 2903 762 2968 lmmo
782 2909 906 2991 agnitio
928 2910 1124 2972 existentiae
1145 2906 1293 2971 absoluta
1316 2913 1432 2991 nequit

235 3054 237 3058 >
276 3087 282 3099 ,
340 3028 417 3106 (non
441 3023 513 3087 dico
536 3044 625 3104 „oon
647 3027 778 3103 potest“
801 3046 904 3107 neque
926 3028 1012 3089 enim
1032 3024 1165 3108 sufficit)
1189 3020 1347 3090 terminas
1358 3046 1432 3089 esse

262 3232 266 3237 1
338 3142 479 3218 medius,
502 3142 659 3221 siqnidem
682 3163 747 3206 noc
762 3163 901 3228 conquam
915 3147 1073 3208 terminus
1087 3145 1210 3207 uredine
1225 3145 1310 3208 idern
1326 3154 1433 3224 potest

407 3458 436 3530 *)
457 3462 507 3513 Fac
527 3464 666 3526 logicorum
690 3479 759 3514 more
778 3462 802 3514 M
821 3480 878 3514 csse
898 3465 995 3526 signnm
1016 3467 1116 3515 termini
1135 3467 1228 3526 medii,
1255 3466 1274 3515 P
1292 3466 1433 3530 praedicati

338 3556 365 3596 et
382 3548 397 3596 S
418 3548 528 3610 subjecti
548 3549 732 3599 conclusionis:
760 3557 810 3598 tmn
829 3549 938 3599 anselmi
959 3551 1140 3612 argumentatio
1160 3552 1195 3600 ita
1213 3553 1262 3601 erit
1283 3551 1434 3611 definiendo,

338 3632 360 3679 si
379 3648 396 3679 o
413 3634 510 3694 signum
529 3642 568 3683 est
581 3632 674 3696 judicii
692 3634 838 3685 allinnantis
858 3635 1023 3687 universalis:

445 3730 513 3797 1)Μ
791 3753 805 3785 a
837 3786 840 3791 ,
1082 3737 1102 3787 P
1154 3736 1312 3803 (propositio
1329 3737 1435 3804 major)

339 3815 443 3884 (natura
465 3816 581 3866 absolata
598 3833 618 3866 s.
639 3835 713 3883 „qun
732 3818 813 3881 majus
837 3822 943 3884 cogitari
964 3838 1012 3872 non
1031 3826 1141 3888 potest“‚
1163 3822 1238 3872 habet
1256 3836 1352 3872 omnem
1373 3837 1435 3886 per-

340 3903 474 3953 lectionem
489 3902 595 3968 idcoquc
615 3904 690 3955 etiam
708 3905 858 3967 realitntcm,
876 3923 950 3973 quum
968 3924 1038 3957 non·
1053 3909 1156 3958 realitas
1172 3909 1206 3959 sit
1226 3909 1326 3971 negatio
1341 3925 1364 3957 s.
1384 3909 1436 3957 im-

340 3989 464 4055 periectio
484 3989 618 4055 quaedam)

441 4090 506 4160 2)S
731 4111 735 4116 ·
785 4108 800 4141 a
903 4148 905 4153 ,
1077 4091 1102 4146 ll
1150 4093 1314 4160 (propositio
1330 4093 1437 4160 rainer)

442 4178 511 4229 Deus
774 4184 813 4226 est
1023 4187 1111 4229 natura
1133 4181 1249 4231 absoluta

485 4278 501 4331 S
778 4294 793 4328 a
1071 4282 1091 4332 P

461 4364 523 4413 dens
768 4371 808 4413 cet
874 4336 878 4343 i
1015 4367 1144 4430 perlectas
1162 4384 1183 4418 s.
1205 4365 1291 4437 (parte
1309 4366 1441 4432 assumta)

340 4449 423 4500 realis
443 4445 504 4514 (por
520 4449 615 4512 figurae
634 4449 729 4513 primae
748 4449 845 4499 modum
865 4448 1044 4518 „llarlrara“).
1520 4496 1521 4539 1
