3044 5376
515 475 769 542 ,37-

93 649 407 713 felicitatis-fontem
424 656 457 712 et
471 668 614 714 aurorem
628 656 751 732 ipsum,
774 675 868 738 quem
884 654 1021 720 debebat
1042 657 1191 738 fundare,

93 774 234 830 evertat:
258 789 298 829 na
321 769 349 829 is
371 766 497 846 quidem
522 768 615 833 nobis
637 770 803 835 adeundus
827 774 899 836 erit.
925 811 962 822 -

452 984 833 1067 conclusio.

178 1122 251 1196 Quo
273 1125 372 1205 igitur
395 1121 491 1183 modo
513 1120 663 1184 tenebras
691 1124 771 1185 istas
801 1121 1031 1202 dispell‘emnsl
1074 1124 1186 1193 Densa

90 1244 178 1303 enim
193 1238 331 1322 caligine
346 1236 571 1300 circumvoluti
586 1258 706 1317 sumus,
729 1261 823 1320 quum
845 1239 973 1322 ubique,
996 1264 1184 1327 quocunqne

90 1378 153 1421 nos
170 1356 210 1420 ad
225 1376 367 1420 amorem
382 1352 475 1418 illum
491 1354 688 1418 fundandum
703 1361 932 1443 convertimus,
955 1363 988 1422 in
1004 1382 1185 1446 repugnan-

89 1476 156 1535 tias
179 1471 400 1535 inciderimus.
446 1470 557 1551 Neque
582 1476 613 1535 in
637 1472 708 1556 lege
731 1478 801 1554 ipsa
825 1498 883 1539 nec
906 1480 940 1539 in
957 1478 1056 1542 nobis
1078 1484 1185 1543 necin

90 1589 168 1652 aliis
197 1594 315 1652 amoris
347 1593 440 1652 istius
470 1610 566 1651 causa
597 1596 646 1652 est
677 1592 755 1652 sita:
785 1612 860 1674 ergo
883 1614 923 1655 no
946 1597 1187 1659 naturae‘ordo

90 1711 165 1790 ejus
187 1709 289 1784 ipsius
309 1703 380 1786 lege
403 1702 617 1778 dissolvatur3
640 1712 787 1790 cogimur
808 1709 854 1771 ad
867 1710 1106 1793 agnoscendum
1121 1714 1182 1785 ita-,j

91 1834 210 1900 turam,
230 1843 313 1906 quae
327 1823 397 1884 sola
411 1829 665 1904 repugnantiam
680 1831 778 1897 iatam
794 1826 912 1888 tollere
927 1838 1046 1909 queat:
1065 1850 1106 1892 en
1120 1831 1186 1894 tibi

89 1939 188 2012 aleam·
218 1959 276 2000 nec
300 1941 396 2017 dens,
430 1941 483 2017 qni
513 1939 592 2001 ordo
615 1942 659 2002 sit
681 1940 889 2004 Ficuurnnns
912 1951 968 2005 ant
989 1947 1181 2024 principium

90 2056 281 2117 indifferens
304 2057 524 2119 Scusnmnuu
545 2065 601 2118 arrt
624 2057 696 2119 idea
717 2055 864 2119 Huuunn
888 2059 1050 2124 inruente
1074 2070 1182 2125 nostra

90 2182 214 2237 tantum
246 2193 402 2252 expressa
432 2175 517 2255 (quis
541 2177 625 2236 enim
653 2174 775 2238 exinde
799 2178 948 2255 amori),
979 2178 1036 2241 sed
1059 2186 1181 2242 natura

89 2297 291 2354 conscientia
302 2289 473 2373 praedita,
495 2310 579 2372 quae
591 2298 734 2376 priorem
748 2295 853 2370 illam,
877 2314 968 2377 quem
985 2295 1030 2358 ad
1042 2315 1181 2358 amorem

29 2456 32 2459 -
88 2397 232 2502 nostrast
255 2407 466 2471 excitandum
488 2415 722 2490 quaesivimus,
747 2416 944 2473 annocentia
967 2429 1025 2472 uos
1042 2412 1181 2474 contulit

87 2527 225 2590 testibus
247 2536 279 2589 et
300 2524 391 2589 libris
414 2528 514 2589 sacris
539 2533 571 2607 ,1
586 2526 659 2588 Joh.
681 2535 714 2606 4,
735 2528 799 2606 ib.)
821 2536 853 2591 et
873 2529 973 2591 animi
987 2528 1179 2608 recessibus,

89 2647 143 2724 qni
164 2642 331 2708 beneficiis
354 2666 388 2706 se
411 2643 503 2707 obrui
527 2644 721 2724 quotidianis
750 2652 783 2708 et
805 2644 1094 2710 innumerabilibus
1116 2668 1180 2708 non

88 2783 228 2840 unquam
252 2759 375 2824 infitias
398 2769 493 2841 eunt,
516 2762 550 2824 id
573 2769 697 2825 tantum
720 2765 752 2824 in
777 2752 1010 2825 dubitationem
1033 2762 1180 2826 adduxe-

88 2888 175 2956 runt,
200 2899 274 2938 num
290 2877 370 2939 haec
384 2877 544 2941 beneficia
565 2900 584 2939 a
607 2888 721 2940 natura
740 2879 807 2940 sa'da'
827 2887 957 2941 conscia
981 2886 1051 2942 aine
1069 2901 1090 2940 a
1101 2898 1184 2961 pem·

92 3012 189 3067 sona,
212 2992 387 3069 repetenda
407 2994 583 3056 videantur.
634 2994 718 3057 Sunt
737 3001 845 3056 antem
870 2994 946 3057 inde
969 3017 1027 3057 nec
1049 2993 1180 3058 aliunde

90 3108 283 3186 repetenda,
315 3110 569 3188 quandoquidem
591 3108 656 3193 legi
679 3118 833 3188 naturae,
864 3116 916 3176 cni
944 3113 1180 3176 satisfaciamus
1226 3168 1231 3174 .

88 3244 220 3287 necesse
244 3232 316 3304 est,
347 3228 393 3301 ita
421 3227 546 3290 demum
575 3248 742 3311 possumus
771 3231 977 3311 satisfacere,
1010 3242 1044 3295 ut
1075 3230 1180 3313 legem

89 3339 269 3405 naturalem
284 3342 428 3406 divinum
440 3344 611 3407 reddamus
627 3344 730 3428 legem
750 3351 772 3409 i.
789 3371 815 3410 e.
833 3350 1033 3411 uoluntatem
1047 3354 1180 3408 naturae

90 3479 149 3521 nos
171 3462 311 3522 amantis
333 3467 367 3522 et
387 3459 646 3527 redamandae.
692 3462 762 3526 feto
785 3463 846 3526 deo
861 3483 1003 3526 amorem
1019 3459 1111 3524 illum
1124 3463 1180 3543 jn-

3 3578 4 3581 ’
90 3575 204 3652 bento,
227 3585 260 3638 ot
278 3579 335 3659 jus
358 3585 390 3641 et
413 3580 477 3641 vim
504 3580 719 3642 nanciscimur
739 3601 815 3643 vere
834 3580 974 3643 amandi.
1020 3578 1179 3643 Nimirum

91 3714 230 3761 amemus
252 3715 383 3759 neeesse
407 3704 472 3759 est:
485 3717 560 3762 „non
578 3717 747 3780 possumus
769 3719 877 3762 amare
900 3701 962 3762 nisi
979 3698 1037 3761 dec·
1050 3700 1180 3760 nomine

92 3821 124 3876 et
147 3832 272 3875 aurore:
297 3834 372 3898 ergo
395 3823 445 3877 eat
467 3814 554 3877 deus.
579 3849 621 3860 -—·

175 3927 225 3992 Ita
254 3929 388 3993 rednees
417 3952 527 3995 snmus
557 3931 636 3994 faeti
666 3935 700 3995 in
730 3935 853 4017 gremio
881 3936 983 4014 ipsius
1013 3928 1181 4013 religionis

94 4047 309 4126 Christianae,
333 4069 414 4127 quaa
429 4046 556 4113 habitat
570 4071 666 4129 quum
682 4052 716 4111 in
732 4071 842 4112 amore
860 4057 926 4113 tum
943 4053 977 4112 in
993 4049 1050 4111 dec'
1061 4066 1180 4109 amore.

92 4165 141 4229 Aa
174 4187 267 4246 qnam
297 4185 365 4227 rem
389 4165 616 4230 stabiliendam
641 4188 737 4247 quum
759 4165 874 4229 nubam
897 4166 1042 4230 locorum
1066 4163 1182 4228 liceret

94 4282 265 4369 colligere,
287 4281 391 4346 locum
415 4283 516 4345 affero
540 4284 674 4348 nullum.
718 4282 943 4347 Satisfecimus
963 4285 1072 4347 sensui
1089 4288 1181 4346 natu·

93 4401 166 4484 rali,
180 4473 182 4477 ἲ
197 4405 252 4487 qui
280 4420 505 4482 usquequaque
535 4401 675 4481 palmam
699 4400 806 4466 defert
828 4401 867 4464 ad
891 4423 1050 4467 amorem:
1082 4398 1182 4481 profi·
