3044 5376
348 658 415 714 tum
439 648 519 715 iifud
543 647 666 712 Cbriati
696 622 884 712 testimonio
913 658 1167 729 superstructum
1197 614 1453 731 haudquaquam,

349 766 585 846 repudiemus3·
603 768 636 828 in
667 788 706 830 ea
728 774 836 830 tamen
860 769 1013 847 opinione
1038 787 1167 845 sumus,
1191 774 1226 829 ut
1248 771 1292 830 ita
1316 789 1443 848 quoque

348 883 389 946 da
411 886 608 969 argumentis
631 887 720 948 rrrere
740 884 954 966 rationalibus
976 883 1183 963 quarnobrem
1213 884 1443 963 disquiramus,
1506 888 1507 923 ³

349 1000 521 1096 plurimum
543 1001 662 1066 babere
688 1023 747 1066 nos
769 1024 966 1069 censeamus.

431 1119 530 1201 Atqui
553 1119 637 1184 alios
658 1119 752 1184 nobis
775 1143 942 1186 occurrere
962 1100 1058 1185 video
1081 1139 1199 1200 eosque
1215 1121 1345 1183 minime
1363 1137 1442 1180 con·

347 1221 547 1302 temnendos.
593 1237 719 1303 Nubem
743 1240 815 1303 dico
838 1261 968 1318 eorum,
998 1240 1052 1320 qui
1082 1236 1122 1300 ari
1146 1238 1364 1299 immediatam
1389 1234 1444 1296 dei

348 1358 578 1422 conscientiam
610 1360 720 1424 nescio
748 1377 842 1439 quum
873 1366 1050 1438 provocent
1079 1365 1136 1419 aut
1163 1353 1265 1418 ullum
1299 1374 1356 1433 pro
1388 1351 1443 1412 dei

348 1472 526 1536 existentia
557 1482 780 1558 argumentum
809 1475 946 1553 proferri
982 1495 1076 1554 posse
1106 1473 1285 1552 praefracte
1315 1476 1443 1552 negent.

347 1584 397 1650 lta
420 1580 770 1654 Scanarnamacnaaus
796 1588 870 1669 ille,
893 1612 987 1670 quam
1004 1592 1066 1654 etsi
1082 1610 1270 1671 persuasum
1286 1586 1443 1650 babemus

347 1703 401 1767 ubi
416 1725 436 1768 a
451 1703 612 1790 theologis
624 1706 827 1792 pbilosophis
842 1706 957 1771 melius
976 1711 1036 1771 erit
1056 1713 1257 1788 perspectus,
1282 1709 1442 1789 rnajorem

347 1824 444 1886 etiam
475 1825 508 1885 in
537 1823 732 1909 theologiam
765 1837 852 1890 certe
875 1827 1233 1897 exsuscitandamesse
1256 1828 1321 1888 vim
1345 1822 1442 1886 exbi-

348 1937 517 2021 buturum,
547 1951 654 2008 tamen
679 1947 792 2009 miram
814 1943 896 2009 banc
917 1949 1110 2009 sententiam
1135 1944 1270 2028 prodere
1293 1944 1443 2006 memini·

349 2077 419 2119 mus
433 2048 578 2139 (Gloobe
592 2062 668 2124 edit.
686 2067 715 2126 3.
733 2085 761 2142 p.
779 2064 1050 2144 misma-nn:
1074 2060 1168 2141 „Die
1183 2062 1443 2144 Acestensium&

347 2172 423 2237 doro
453 2176 513 2239 duo
544 2175 827 2265 roffecbtbo'aoige
860 2178 1253 2265 Abbttogo‘gkeitogffiilol
1282 2214 1317 2226 -
1350 2175 1442 2242 ra'elot

348 2297 450 2354 etwoo
464 2292 655 2377 Zuftr'llo'geo
673 2301 729 2372 iot,
753 2297 834 2361 nocli
851 2296 934 2362 oocb
949 2307 1050 2360 etwas
1061 2294 1250 2381 porriioficlo
1272 2293 1442 2359 Verocfo‘e·

298 2391 301 2397 ¹
347 2407 447 2473 denec
474 2447 508 2457 -
532 2422 655 2503 emetat
673 2413 743 2493 fiir
770 2414 826 2480 die
857 2413 1115 2480 Gluobeorfebre
1142 2413 1345 2498 collotc'imfo'g
1376 2413 1443 2475 olle

347 2540 551 2611 eogenooote
562 2530 783 2614 Beooeirefttr
798 2532 999 2597 doeDooeo'o
1015 2531 1166 2595 Gottoo.“
1201 2529 1442 2614 antesignanus

348 2640 447 2726 hujus
477 2653 657 2713 sentcntiae
688 2658 873 2725 recentiore
902 2660 1048 2731 tempore
1077 2659 1142 2715 tarn
1166 2670 1261 2729 saepe
1283 2651 1443 2728 repetitae

348 2759 514 2827 habendus
527 2774 577 2830 est
592 2766 716 2849 iacobi,
742 2744 903 2851 quiquam
922 2769 1075 2849 Kasalos
1092 2770 1164 2849 (par
1181 2768 1325 2829 criticam
1343 2787 1442 2845 purae

346 2881 497 2962 rationis)
519 2890 707 2970 argumenta
729 2891 762 2953 in
785 2888 896 2955 scbola
919 2886 1089 2954 Wolbaua
1114 2880 1314 2965 potissimum
1344 2882 1441 2947 vebo-

347 3008 473 3064 menter
494 3005 719 3071 concefebrata
742 3006 962 3074 latefactasset
984 3028 1043 3071 nac
1066 3009 1254 3089 argumento
1285 3004 1439 3081 practico,

348 3117 428 3192 quod
462 3121 529 3195 ipse
559 3122 747 3204 obtulerat,'
769 3128 1001 3202 satisfecisset,
1032 3145 1072 3187 ne
1100 3142 1182 3200 opus
1210 3119 1336 3199 quidem
1369 3142 1440 3184 esse

347 3243 535 3314 argumento
557 3254 615 3316 pro
639 3238 690 3300 dei
714 3242 901 3303 existentia
922 3236 1161 3301 vociferabatur
1182 3220 1365 3318 multosque
1388 3261 1439 3301 se·

345 3370 416 3413 cnm
433 3350 622 3434 abripiebat.
652 3354 795 3436 Antiqua
806 3358 877 3439 jam
893 3363 1037 3434 tempore
1053 3352 1133 3418 baec
1149 3354 1261 3418 cadem
1279 3359 1440 3420 sententia

346 3472 473 3549 saepius
496 3472 558 3536 fuit
580 3471 722 3553 prolata3
746 3474 785 3537 cf.
808 3493 904 3553 quum
927 3471 1160 3537 Platonismum
1175 3481 1243 3536 tum
1258 3470 1438 3536 Arnobium

345 3580 478 3667 (disput.
503 3590 574 3652 adv.
599 3598 686 3674 gent.
710 3589 734 3655 l.
759 3615 789 3672 p.
810 3568 894 3674 *1'1.):
920 3588 1165 3674 „Quisquamne
1188 3597 1239 3653 est
1259 3588 1438 3668 bornicum,

345 3707 404 3784 qni
431 3726 494 3767 non
524 3728 595 3771 cam
627 3710 721 3773 istius
749 3713 904 3792 principis
933 3712 1015 3794 (dei)
1045 3712 1178 3773 notione
1205 3705 1290 3766 diem
1313 3706 1438 3782 primae

346 3825 525 3887 nativitatis
540 3827 730 3894 intraveritt
755 3830 806 3893 cni
825 3850 888 3892 uon
909 3831 952 3893 sit
968 3830 1157 3914 ingenitum,
1181 3825 1278 3883 immo
1294 3815 1435 3879 infixum

346 3976 383 3987 m
410 3962 472 4004 non
497 3945 640 4024 insitum,
664 3969 735 4011 esse
756 3968 865 4034 regam
885 3971 921 4013 ac
936 3948 1099 4010 dominum
1118 3944 1315 4015 cunctorum,
1338 3956 1436 4016 quae-

344 4079 468 4138 cuuque
491 4058 583 4140 sunt,
608 4066 893 4132 moderatoremf“
938 4064 1054 4126 Postea
1076 4058 1230 4137 temporis
1246 4056 1342 4117 etiam
1358 4052 1438 4117 Car·

344 4178 445 4239 tesius
468 4179 610 4244 innatam
635 4171 728 4247 nobis
744 4208 815 4248 esse
828 4183 881 4246 dei
897 4181 1003 4244 ideam
1019 4176 1182 4239 docuerat.
1226 4172 1313 4237 Fuse
1328 4181 1437 4237 autem

344 4301 377 4357 et
405 4298 572 4384 ingeniose
602 4323 669 4366 rani
698 4298 787 4366 suam
819 4295 1004 4381 persecutus
1034 4303 1084 4358 est
1111 4292 1231 4359 Jacoar
1253 4295 1286 4355 in
1309 4291 1437 4372 libello,

343 4416 396 4493 qui
418 4417 590 4498 inscriptas
617 4428 666 4483 est
688 4419 787 4498 „Van
808 4417 871 4481 deo
892 4414 1075 4502 gittffcieo
1097 4412 1235 4499 Diogen
1252 4404 1326 4477 'und
1345 4411 1438 4476 ihrer
