3044 5376
764 508 1015 578 ...68-

344 666 469 751 tontum
491 690 647 771 cogitata)
671 694 704 748 et
726 687 838 751 deerat
860 662 894 751 ot
916 696 1033 771 negata
1056 694 1127 751 erat
1149 726 1186 736 —
1211 708 1322 750 verum
1340 692 1450 753 euicta

344 812 453 868 manet
481 804 594 867 cadem
623 804 646 864 i.
676 824 704 864 e.
736 805 866 868 easdem
898 807 1036 869 virtutes
1066 804 1145 890 (non
1173 804 1245 868 dico
1267 811 1449 887 „notas“)

346 922 463 998 hahet,
496 922 647 1000 quoniam
677 921 927 986 incantantum
950 894 1148 986 commutans
1172 943 1218 986 ex
1239 929 1346 987 animo·
1365 924 1449 988 uub-

345 1046 445 1101 stmto
466 1040 584 1100 transit
613 1036 651 1099 ad
673 1044 842 1122 proprium
870 1039 1076 1104 substratum.
1122 1038 1236 1104 Manet
1264 1060 1344 1104 sane
1372 1050 1446 1105 tum

345 1176 469 1236 quoque
492 1160 602 1231 notio,
627 1156 882 1239 quandoquidem
908 1155 999 1219 nobis
1020 1156 1148 1238 quidem
1171 1170 1223 1221 res
1245 1179 1285 1221 ne
1309 1168 1448 1223 exstant
1511 1236 1512 1247 χ

347 1274 472 1353 quidem
499 1274 560 1334 nisi
582 1293 638 1351 per
661 1276 811 1336 notiones
834 1285 867 1338 et
888 1282 924 1338 ut
946 1276 1110 1347 notionem
1133 1275 1191 1337 ced
1213 1296 1277 1338 non
1299 1284 1336 1339 ut
1351 1279 1446 1340 notio

348 1394 488 1453 notionis
511 1393 533 1451 i.
557 1409 586 1449 e.
610 1390 659 1449 rei
682 1394 855 1473 cogitatae
876 1392 932 1455 sed
955 1403 1037 1456 oece-
1055 1394 1217 1456 exstantia
1240 1397 1263 1456 i.
1288 1416 1317 1456 e.
1340 1394 1445 1474 quoad

348 1527 406 1568 noo
432 1507 462 1569 id
486 1490 615 1583 eccequi
637 1524 824 1586 poscumus,
848 1516 884 1572 nt
906 1530 959 1572 res
981 1512 1051 1589 ipsa
1075 1513 1190 1589 quippe
1212 1515 1247 1574 in
1269 1511 1369 1574 alium
1395 1510 1444 1572 lo·

347 1644 417 1686 cum
442 1624 606 1687 translata.
730 1627 733 1631 ’

392 1754 395 1759 “
435 1740 469 1802 ln
494 1747 685 1806 contrariam
710 1747 807 1827 igitur
830 1754 925 1825 atque
948 1744 1102 1808 Krnrrus
1127 1748 1320 1808 sententiam
1344 1745 1444 1806 deve·
1511 1812 1512 1819 χ

349 1863 463 1921 nirano.
508 1859 662 1925 Kanurus
693 1861 872 1941 praefracte
908 1870 1002 1945 negat
1036 1866 1200 1925 notionem
1232 1861 1304 1937 dei,
1334 1860 1444 1923 addito
1501 1908 1512 1962 Α

349 1978 500 2041 exstandi
514 1978 709 2057 praedicato,
726 1980 932 2061 augericced
949 1990 1085 2063 erogetur
1100 2000 1224 2058 revera,
1243 1978 1327 2059 quod
1344 1985 1444 2042 etium

348 2097 400 2174 (en
422 2096 560 2178 'erigendi
585 2093 756 2176 particula)
780 2105 876 2158 extra
896 2096 1039 2160 animum
1063 2107 1194 2160 exstare
1213 2102 1246 2158 et
1261 2114 1376 2158 nocam
1395 2103 1445 2156 est

349 2209 537 2275 attributum
564 2222 595 2276 et
618 2215 728 2289 recle,
759 2215 876 2293 quippe
905 2214 987 2293 quod
1017 2213 1056 2276 ad
1081 2215 1161 2276 duas
1184 2234 1236 2275 res
1258 2213 1367 2275 coclea
1389 2212 1442 2294 (ad

350 2333 491 2391 animum
515 2334 707 2414 cogitantem
738 2340 769 2392 et
798 2331 838 2393 ad
869 2331 963 2394 deum
994 2333 1166 2414 cogitatum
1191 2351 1326 2409 eumque
1349 2339 1444 2391 extra

350 2451 490 2534 oninium
523 2450 675 2527 positum)
705 2448 821 2510 referri
856 2449 980 2512 debeat.
1033 2448 1101 2512 Nos
1132 2468 1208 2511 vero
1238 2446 1444 2510 concedimus

350 2566 505 2627 Anselmo
530 2572 673 2629 notionis
696 2569 946 2646 incrementum,
975 2569 1031 2631 ced
1061 2568 1172 2659 aluei
1189 2572 1312 2629 tantum
1337 2566 1444 2627 diver·
1511 2642 1512 2649 ἵ

351 2685 447 2744 sitate
478 2685 509 2745 id
540 2683 687 2765 progredi
717 2684 932 2763 ostendimuS,
970 2704 1050 2765 quae
1080 2685 1207 2765 quidem
1237 2683 1277 2747 ad
1307 2682 1443 2745 realium

352 2801 437 2860 inter
460 2820 494 2860 ce
516 2798 707 2861 relationem
731 2803 803 2880 (per
827 2809 971 2897 naturam
990 2790 1152 2882 quandam
1165 2804 1357 2885 cogitantem
1372 2819 1443 2878 per·
1505 2778 1509 2883 l

350 2919 492 2995 ceptam)
513 2919 630 2979 attinet
651 2916 739 2999 (hinc
762 2922 903 2982 notionis
925 2920 1192 3002 diversitas)‘nec
1215 2939 1292 2982 vero
1313 2918 1352 2979 ad
1372 2938 1442 2980 rea,

351 3033 430 3096 lium
462 3044 580 3097 statum
613 3038 681 3098 sive
709 3039 873 3099 'rationem
902 3041 1060 3100 internam
1092 3047 1147 3100 aut
1172 3034 1367 3116 implendam
1391 3041 1444 3096 eut

350 3153 600 3215 imminuendam
631 3153 700 3215 ullo
732 3154 826 3215 modo
851 3161 957 3234 potest
979 3156 1110 3218 referri:
1144 3175 1207 3217 non
1230 3151 1327 3216 aliter
1349 3171 1441 3232 quam

349 3267 485 3350 angulus
514 3278 623 3331 rector
649 3268 769 3348 ABC,
803 3276 948 3351 quamvis
979 3272 1049 3335 loco
1079 3275 1225 3335 diversus
1256 3271 1297 3333 ab
1326 3265 1444 3354 angulo

350 3395 441 3452 recto
465 3383 567 3448 DCF
600 3395 632 3450 et
662 3410 738 3450 vero
768 3388 867 3452 etiam
897 3389 1031 3454 realiter
1053 3392 1235 3474 disjunctus
1259 3390 1335 3472 (duo
1360 3390 1443 3451 enim

352 3512 427 3565 sunt
449 3504 590 3588 anguli);
621 3516 727 3570 tamen
759 3518 794 3570 ut
824 3505 960 3589 angulus
983 3516 1089 3571 rectos
1113 3508 1241 3571 eaedem
1264 3506 1361 3574 habet
1385 3509 1444 3568 vir-

351 3631 445 3683 tuter.

435 3738 520 3812 Quid
544 3741 639 3823 ergol
685 3740 779 3804 Unde
802 3742 930 3804 tandem
956 3742 1080 3806 homini
1101 3752 1167 3806 tam
1190 3742 1303 3807 subtili
1326 3752 1361 3806 et
1383 3745 1443 3805 cir·

350 3865 550 3937 compecto,
579 3856 683 3940 qualis
712 3868 762 3921 est
790 3858 980 3936 AnselmuS‚
1010 3860 1063 3924 vel
1091 3863 1124 3924 in
1155 3870 1294 3924 mentem
1320 3867 1445 3939 potarat

351 3977 480 4053 venire,
502 3976 655 4039 exstandi
679 3976 896 4055 praedicatum
920 3979 959 4041 ad
983 3980 1215 4058 perlectionem
1238 3982 1301 4043 rite
1324 3979 1443 4041 consti·

351 4093 500 4155 tuendam
523 4093 666 4158 referret
711 4094 813 4160 Nobis
845 4104 932 4159 certe
955 4090 1018 4157 non
1041 4099 1189 4162 videmur
1212 4120 1232 4161 a
1252 4118 1330 4160 vero
1353 4095 1444 4159 aber·

349 4229 439 4285 rare,
469 4209 525 4274 ubi
555 4211 616 4276 lrcc
648 4214 724 4277 inde
754 4213 961 4294 repetendum
990 4235 1176 4296 censemus,
1208 4213 1293 4296 qaod
1316 4214 1444 4298 negotio

351 4329 547 4392 existentiae
562 4353 659 4395 verae
675 4335 745 4396 sive
765 4339 860 4396 extra
878 4335 1021 4397 animum
1035 4345 1177 4398 nostrum
1195 4336 1333 4415 positae,
1350 4330 1444 4416 longe

319 4446 324 4455 “
349 4447 539 4524 saepissime
570 4452 754 4512 consociata
790 4472 861 4513 ecoe
890 4451 973 4515 solet
1002 4473 1072 4515 cum
1105 4451 1286 4515 rationibus
1318 4457 1444 4519 nostrae
