3044 5376
393 473 707 545 ,-77-

75 645 236 725 Zet’trotrift
255 648 323 727 fttr
345 639 547 732 speculative
571 648 691 730 Phyma
714 645 738 709 1.
763 668 791 726 p.
816 648 893 726 ao).
946 648 1068 710 Atvero
1094 651 1124 710 in

73 771 123 824 tota
142 762 192 826 hae
212 787 245 826 re
267 766 476 849 dijudicanda
500 763 597 843 probe
620 764 711 827 nobis
733 767 908 830 cavendum
931 774 998 844 est,
1028 787 1067 828 ne
1092 770 1124 828 in

71 882 146 957 ipsius
166 879 304 945 Heoemr
328 903 468 946 errorem
492 882 688 960 incidamus,
711 885 764 961 qui
787 881 975 945 Anseimum
997 884 1064 946 iere
1080 904 1124 945 ex

61 995 114 1058 ,aiio
138 997 203 1060 ioco
232 998 428 1080 judicaverit
456 1011 489 1062 et
517 997 701 1079 probaverit
731 1008 826 1079 atque
855 997 1027 1062 Anselmus
1056 1002 1124 1078 ipse

61 1114 155 1178 'voluit
196 1113 398 1178 Abhorrebat
419 1116 504 1178 enim
525 1114 577 1179 hio
594 1114 982 1197 penitusapuntheismo.
1029 1115 1124 1191 Quot

61 1255 137 1311 qnam
165 1233 334 1296 Haoenros
367 1252 463 1310 saepe
493 1237 562 1312 ipse
593 1237 748 1314 (maxime
779 1236 813 1296 in
842 1231 925 1296 libro
948 1231 1125 1311 „Betoer’ee

53 1351 106 1429 fuir
131 1352 186 1416 dor
208 1350 335 1415 Daseia
359 1348 524 1432 Gorteut‘)
556 1361 643 1414 certe
671 1351 878 1425 indicaverim
913 1350 1122 1414 Sanaussrns

56 1489 119 1530 vero
141 1468 308 1553 (Dogmot.
333 1467 358 1532 Ι.
382 1489 412 1547 p.
437 1466 525 1549 398.)
539 1470 686 1551 ingenue
709 1471 920 1538 concesserit;
944 1488 983 1529 eo
1002 1470 1123 1547 optime
1234 1559 1238 1565 ι

55 1586 258 1664 ostendamus,
282 1586 415 1648 idoneos
438 1605 495 1647 nos
517 1605 608 1662 asse,
633 1589 688 1665 qui
710 1589 891 1650 cautionem
915 1584 1006 1647 iiiam
1029 1585 1121 1647 adtri-

52 1700 185 1780 beamus,
214 1702 295 1782 qaod
324 1705 503 1785 argumenti
533 1703 708 1787 ontoiogioi
729 1706 918 1783 ⁴defensores
940 1705 1038 1781 istos,
1069 1706 1122 1781 qui

49 1839 82 1879 ne
102 1830 174 1882 sunt
194 1819 319 1899 quidem
341 1818 547 1895 defensores,
569 1824 685 1882 missos
708 1819 854 1882 fac-imus.
900 1817 944 1880 lis
967 1819 1046 1880 solis
1068 1841 1122 1881 ve-

45 1955 106 1997 rum
136 1934 284 2015 quiddam
313 1933 459 2012 proloqui
486 1944 642 2018 poterant
664 1935 784 2014 videri,
813 1937 867 2015 qui
889 1934 1123 2014 pantheismnm

12 2138 14 2157 †
43 2060 73 2114 ut
94 2052 229 2133 probent
251 2073 270 2113 a
293 2072 327 2114 se
350 2054 604 2130 impetraverint.
649 2052 717 2116 Nos
747 2053 872 2134 quidem
903 2053 977 2132 quid
999 2052 1059 2116 hae
1082 2054 1121 2115 de

11 2162 13 2197 ³
40 2191 71 2232 re
91 2172 277 2248 sentiamus,
300 2172 334 2233 in
357 2167 454 2252 hujus
476 2173 654 2250 scriptionis
677 2171 815 2234 exordio
836 2193 893 2252 per
915 2179 1120 2235 transennam

6 2324 9 2393 J
41 2296 123 2358 certe
148 2287 354 2350 ostendimus.
