3044 5376
482 1225 851 1314 capusum

72 1477 76 1480 ,
120 1414 397 1508 Argumentum
425 1415 675 1509 ontoiogieuur
705 1422 911 1514 exponitur
944 1435 981 1495 et
1008 1419 1209 1513 judicatur.

209 1653 375 1750 Omnium
405 1691 683 1763 argumentorum,
721 1705 801 1762 quae
832 1689 872 1748 nd
909 1688 963 1750 dei
999 1691 1210 1753 existentiam
1292 1767 1295 1774 Ι

118 1799 320 1864 efficiendam
348 1790 454 1873 adhue
483 1799 609 1878 prolata
630 1802 778 1878 fuerunt,
810 1802 903 1885 longe
935 1805 1209 1882 simplicissimum

117 1940 221 2000 eoque
243 1908 591 2001 commendatissimum
614 1917 794 1980 ducendum
813 1929 863 1982 est
878 1934 1101 2002 argumentum
1116 1930 1210 1984 outo·

118 2037 270 2120 logicum,
286 2033 371 2113 quod
389 2031 545 2096 Anselmo
559 2031 786 2096 cantuariensi
800 2044 966 2116 acceptum
983 2032 1067 2099 solet
1083 2035 1208 2099 referri.

119 2152 255 2233 „Coepi
285 2151 402 2232 (inquit
422 2147 595 2213 Anseimus
624 2154 658 2213 in
688 2151 849 2236 Proslogii
877 2154 1056 2236 prooemio)
1086 2136 1211 2218 meeum

119 2291 293 2352 quaerere,
316 2270 345 2330 si
366 2268 452 2331 sorte
473 2274 583 2346 posset
596 2271 737 2335 inveniri
752 2290 851 2333 unum
868 2280 1102 2354 argumentum,
1125 2273 1221 2352 quod·

119 2387 210 2450 nulio
236 2385 304 2457 alio
337 2386 377 2448 ad
408 2406 443 2448 se
474 2385 690 2465 probandum,
722 2408 815 2465 quarn
846 2408 881 2450 se
903 2386 972 2450 solo
995 2389 1156 2472 indigeret
1178 2398 1211 2452 et

119 2505 225 2581 sotum
247 2505 286 2566 ad
312 2502 560 2579 adstruendum,
591 2507 666 2582 quia
694 2504 773 2566 deus
803 2526 878 2566 vere
909 2515 976 2583 est,
1009 2516 1041 2568 et
1062 2508 1137 2584 quia
1160 2516 1211 2568 est

118 2643 276 2686 sumtuum
301 2621 417 2684 meum
440 2619 532 2684 nullo
554 2619 619 2683 alio
635 2616 781 2703 indigens
798 2631 830 2683 et
850 2644 911 2700 quo
926 2626 1036 2685 omnia
1053 2622 1209 2707 indigent,

118 2754 155 2804 ut
183 2744 249 2803 sint
278 2747 312 2802 et
341 2738 423 2802 bene
452 2741 534 2816 siut,
564 2748 597 2801 et
627 2759 834 2817 quaeeunque
857 2739 1016 2803 credimus
1038 2740 1079 2802 de
1101 2740 1211 2803 divina

120 2856 300 2919 substantia
315 2853 523 2928 ¹nuffieerot.“
564 2844 696 2917 Etenim
712 2858 843 2919 omnino
857 2859 891 2916 iu
909 2855 1077 2937 Proslogio
1092 2860 1211 2934 pariter

121 2980 216 3048 atque
247 2972 280 3030 in
302 2972 512 3047 responsione
534 2967 681 3032 Anseimi
703 2970 744 3032 ad
766 2968 958 3033 Gauuilonis
981 2974 1130 3034 monaehi
1153 2993 1210 3052 op·

14 3091 17 3099 '
120 3087 298 3167 positiones
321 3087 425 3169 („pro
448 3088 678 3168 insipiente“),
702 3108 783 3168 quae
806 3089 1010 3153 inscribitur:
1033 3085 1211 3167 „Ausdmi

119 3204 203 3268 iiber
230 3198 450 3286 apologeticos
484 3213 598 3269 eontra
629 3201 844 3269 Gannilonem
875 3207 1123 3288 respondentem
1156 3227 1212 3286 pro

118 3324 325 3401 iusipiente“
350 3355 388 3368 -—
411 3329 633 3404 argumentum
656 3320 873 3403 ontologieum
890 3322 1133 3387 Anselmianum
1150 3343 1211 3384 ex·

19 3472 22 3478 ⁴
119 3440 260 3519 ponitur.
318 3436 355 3499 ln
385 3427 494 3503 errore
525 3446 633 3502 autern
662 3449 850 3515 versantur,
879 3442 931 3516 qui
961 3439 995 3499 in
1024 3421 1212 3522 Monologio
1322 3518 1327 3523 ¹

118 3557 206 3645 idem
224 3563 447 3637 argumentum
463 3554 614 3618 exhiberi
632 3553 840 3617 arbitrantur.
876 3554 923 3619 lbi
941 3558 1028 3621 enim
1043 3576 1212 3640 argumen-

84 3694 90 3703 ‘
119 3676 200 3738 tatio
223 3671 318 3752 plane
340 3673 470 3737 diversa
489 3678 526 3736 in
548 3671 736 3736 confusione
759 3671 894 3751 quadam
914 3673 1075 3738 idealisrni
1092 3684 1125 3739 et
1139 3696 1213 3738 rea·

118 3792 208 3856 lismi
232 3792 363 3869 nititur,
394 3790 536 3870 mihique
565 3788 625 3852 hoo
653 3787 726 3851 loeo
749 3793 1033 3869 praetermittenda
1054 3801 1105 3857 est
1127 3796 1211 3870 visa,

122 3931 217 3990 quum
241 3931 275 3971 re
298 3911 479 3971 accuratius
500 3912 642 3988 inspecta
669 3908 709 3971 ad
733 3920 954 3992 argumentum
978 3906 1211 3990 cosmulogioo-

113 4012 350 4108 'teleologieum
373 4029 479 4103 potius
503 4028 663 4105 pertineat
691 4046 785 4103 quam
808 4027 848 4087 ad
871 4032 1094 4110 argumentum
1117 4029 1210 4086 outo-

119 4146 273 4229 logieum.
319 4139 395 4202 Alio
424 4132 522 4224 igitur
550 4141 622 4205 loeo
654 4141 735 4204 hano
766 4148 960 4231 sententiam
991 4140 1049 4204 sub
1072 4160 1213 4203 examen

123 4283 234 4326 sunrus
258 4260 414 4322 vocaturi.
461 4257 496 4321 ln
520 4260 686 4344 Proslogio
714 4265 821 4320 autem
845 4267 1067 4343 argumentum
1089 4257 1212 4323 ontolo-

121 4384 228 4464 gieum
260 4398 324 4441 nou
346 4383 470 4440 tantum
494 4381 631 4456 exponit
654 4398 763 4441 verum
792 4380 891 4441 etiam
909 4383 1035 4463 primus
1056 4376 1215 4454 exhibuit,
