3044 5376
748 501 1001 566 -52.-

329 704 405 768 ergo
422 703 483 744 non
500 677 597 743 tollit.
622 676 911 741 Verumeuimvero
929 682 990 756 quo
1006 675 1136 740 tandem
1153 674 1248 736 modo
1258 672 1440 751 Kianos,

330 804 517 884 argumento
534 795 720 879 ontologico
736 802 824 858 recte
846 802 1007 873 percepto,
1031 796 1194 871 optionem
1210 799 1334 871 poterat
1348 793 1441 853 dare

327 918 445 1002 judicii
477 912 633 993 analytici
665 921 698 972 et
726 909 922 991 syntheticil
955 920 987 972 et
1016 908 1165 970 omnibus
1195 908 1440 971 recentioribus

329 1033 398 1097 illis
413 1032 535 1095 criticis
554 1027 816 1106 assentientibus,
836 1028 1017 1110 judicium,
1041 1026 1096 1089 ubi
1113 1023 1311 1106 analyticum
1329 1026 1439 1089 habe-

330 1157 439 1226 retur,
464 1155 604 1226 ineptam
629 1145 736 1206 dioere
758 1143 1052 1228 „tautologiam“l
1096 1141 1184 1205 ldem
1215 1146 1265 1205 vir
1292 1165 1436 1228 magnus

332 1269 365 1329 in
389 1267 520 1328 criticae
543 1283 640 1341 purae
663 1263 799 1324 rationis
822 1283 853 1340 p.
879 1267 924 1324 10.
946 1260 1073 1343 judicia
1095 1259 1260 1342 analytica
1284 1261 1361 1324 dicit
1383 1284 1437 1324 ea

336 1385 392 1466 (of.
426 1381 614 1445 Daonrscn.
640 1377 748 1461 Logic.
777 1382 805 1457 ἦ.
831 1377 917 1461 29.),
948 1381 980 1441 in
1010 1377 1124 1458 quibus
1153 1378 1336 1456 praedicato
1366 1401 1436 1442 ex·

334 1509 499 1585 prompto,
533 1494 615 1561 nihil
639 1496 794 1559 afferatur
825 1498 900 1558 novi
921 1494 977 1558 sed
1002 1502 1080 1558 uota
1102 1494 1316 1574 exhibeatur,
1346 1518 1436 1576 quae

334 1618 480 1698 quamvis
511 1634 574 1675 non
607 1612 759 1675 distincta
783 1615 980 1695 cogitatione
1012 1611 1261 1692 comprehensa,
1295 1616 1328 1675 in
1353 1617 1433 1692 ipsa

334 1741 442 1797 tamen
464 1729 605 1813 subjecti
626 1731 757 1791 notione
779 1738 815 1791 ut
838 1731 910 1810 ejus
932 1751 1006 1809 pars
1030 1732 1186 1810 quaedam
1208 1734 1428 1794 contineatur.

336 1850 384 1913 lta
399 1868 557 1928 „corpora
569 1854 645 1909 sunt
664 1850 826 1908 extensa“
838 1845 999 1929 judicium
1016 1856 1064 1910 est
1080 1848 1291 1931 analyticum,
1315 1851 1436 1928 quippe

335 1966 419 2047 quod
443 1967 475 2028 in
499 1966 637 2033 notione
656 1966 799 2043 corporis
822 1985 861 2027 eo
885 1967 970 2043 ipso,
993 1965 1076 2043 quod
1099 1973 1245 2050 corporis
1260 1973 1310 2028 est
1327 1969 1434 2043 notio,
1520 2016 1521 2075 ἱ

334 2088 405 2168 jam
437 2084 542 2162 posita
570 2083 614 2144 sit
645 2084 733 2144 notio
757 2083 971 2144 extensionis.
1014 2081 1141 2145 Iudicio
1163 2095 1270 2147 autem
1294 2081 1433 2164 synthe·
1520 2090 1521 2097 ’

336 2204 401 2262 tico
430 2198 559 2261 additur
590 2196 712 2274 aliquid
744 2196 977 2277 praedicando,
1009 2201 1092 2283 quod
1123 2203 1157 2263 in
1188 2204 1258 2280 ipsa
1288 2199 1433 2283 subjecti

337 2316 471 2377 notione
494 2311 635 2376 nondum
658 2310 791 2375 latebat.
835 2313 921 2390 Quid
945 2315 1063 2398 igiturl
1110 2313 1215 2390 Quum
1229 2319 1263 2378 in
1281 2321 1434 2379 enuntia-

338 2434 428 2493 tione
451 2451 589 2510 „corpus
605 2440 655 2493 est
670 2436 866 2495 extensum“
889 2435 958 2513 ipso
972 2431 1315 2511 Kantioooncedente,
1340 2455 1436 2513 prae·

338 2546 478 2610 dicatum
502 2555 628 2626 repetat
650 2558 792 2625 tantum,
823 2547 907 2628 quod
927 2551 999 2631 jans
1020 2550 1125 2614 inerat
1146 2553 1180 2612 in
1203 2535 1436 2633 subjectanea

337 2661 413 2724 iude
436 2665 576 2741 „inepta
600 2663 807 2747 tautologia“
829 2663 1068 2743 profiolscatur:
1085 2689 1155 2730 «our
1176 2671 1210 2730 in
1234 2670 1339 2734 verbis
1361 2671 1434 2733 An-

340 2774 435 2841 selmi
459 2779 568 2857 „deus
588 2781 680 2856 est“‚
713 2782 747 2841 in
770 2780 885 2860 quibus
907 2783 1051 2862 profecto
1075 2786 1184 2864 „deus
1203 2789 1274 2869 jam
1300 2790 1332 2853 in
1354 2786 1435 2849 sub-

337 2897 419 2977 jecti
448 2897 582 2959 notione
612 2915 683 2958 eam
715 2897 863 2962 omnibus
895 2903 962 2964 suis
992 2903 1186 2982 praedicatis
1215 2906 1327 2987 (etiam
1360 2928 1437 2970 cum

341 3010 501 3075 exetanda·
520 3012 688 3096 attributo)
711 3011 808 3094 latet,
838 3025 872 3079 et
899 3018 1085 3098 praedicato
1109 3059 1148 3069 —
1172 3029 1283 3085 est-
1307 3029 1435 3087 tantum

339 3127 537 3206 repetitur“‚
559 3132 670 3208 inepta
692 3131 810 3195 dicitur
831 3133 1012 3219 tautologia
1034 3138 1162 3200 inesset
1205 3136 1291 3202 Num
1316 3137 1433 3204 Carte-
1519 3198 1521 3231 p

340 3242 464 3304 sianum
479 3240 561 3306 illud
577 3247 707 3328 „cogito
722 3248 759 3328 (i.
773 3270 802 3310 e.
818 3253 963 3334 cogitans
980 3253 1072 3335 sum),
1089 3276 1164 3339 ergo
1179 3258 1274 3319 sum“
1291 3259 1435 3337 ineptam
1521 3279 1522 3352 ]

340 3360 485 3423 eontinet
507 3358 736 3443 tautologiam,
765 3386 861 3443 quum
885 3369 967 3448 sint,
990 3373 1044 3450 qui
1068 3369 1268 3437 existentiae
1290 3377 1434 3437 necessi-
1521 3357 1522 3404 Ὗ

340 3482 440 3538 tatem
461 3478 569 3541 inesse
592 3484 852 3559 praetermittant
874 3493 906 3545 et
929 3485 1049 3549 idcirco
1072 3500 1189 3572 cogant
1217 3490 1257 3551 ad
1281 3493 1433 3555 enuntia·
1520 3522 1521 3555 i

341 3592 464 3653 tionem
485 3592 577 3657 illam
598 3598 662 3660 rite
684 3598 949 3678 exprimendami
982 3600 1144 3668 Nimirum
1165 3590 1296 3686 „sum“‚
1320 3610 1382 3670 etsi
1399 3611 1435 3671 in

341 3706 448 3782 priore
476 3717 567 3785 parte
591 3711 673 3775 nihil
701 3717 830 3779 videtur
858 3736 929 3779 esse
952 3720 1015 3781 nisi
1038 3721 1172 3801 copula,
1201 3731 1311 3788 tamen
1333 3727 1433 3791 etiam

342 3831 378 3884 ut
401 3822 517 3901 copula
539 3845 665 3909 semper
687 3831 840 3894 exstandi
870 3837 1035 3900 notionem
1059 3842 1204 3917 quamvis
1228 3841 1435 3905 obscuratam

342 3939 471 4002 retinet.
515 3940 589 4021 „Eo
611 3943 698 4023 ipso,
721 3948 853 4029 opinor,
876 3953 960 4032 quod
980 3952 1020 4015 de
1036 3954 1090 4017 dei
1107 3958 1286 4021 existentia
1304 3958 1434 4022 dubitus

342 4038 543 4138 (sogessisset
557 4058 896 4149 AnselmusKautio);
918 4077 978 4147 est,
995 4072 1200 4150 quamobrem
1218 4074 1435 4159 tautologiam

339 4171 435 4235 istam
450 4180 666 4242 committamt
691 4202 750 4244 neo
763 4184 848 4248 enim
862 4184 1013 4250 distincte
1022 4187 1192 4274 intelligis,
1209 4192 1283 4272 quid
1297 4196 1434 4276 cogites,

341 4303 438 4382 quum
459 4289 512 4352 dei
534 4296 700 4359 notionem
730 4304 838 4360 mente
867 4302 1027 4381 concipias
1049 4327 1186 4387 eumque
1208 4309 1306 4374 simul
1328 4310 1432 4375 addu-

341 4396 434 4463 bites.
477 4403 549 4515 Etsi
572 4410 698 4492 (oontm
718 4414 815 4494 insip.
838 4435 906 4496 cap.
925 4415 984 4482 lv.
1007 4423 1105 4505 med.)
1128 4423 1219 4490 nulla
1241 4448 1323 4507 quae
1344 4435 1434 4510 suut,
