3044 5376
750 484 1002 552 ..qq-

330 666 500 746 ripiente“
529 682 594 725 non
623 664 696 724 sine
717 665 867 727 acumine
888 664 1147 726 consarcinatum
1172 665 1228 726 sed
1251 667 1427 730 admodum
1478 672 1482 683 '

330 781 512 860 obscurum,
527 785 615 845 recte
630 778 727 862 vulgo
743 801 807 842 nou
825 789 949 847 curant⁴
974 779 1052 857 Nou
1065 780 1234 844 intellexit
1250 783 1306 845 aed
1324 787 1428 864 sensit

330 905 455 961 tantum
486 895 629 960 Gauuilo
659 896 805 960 Anselmi
841 918 982 961 onorem
1017 897 1291 962 fundamentalem
1323 921 1427 980 neque

332 1016 380 1098 (ut
393 1013 566 1079 Auselmus
581 1016 614 1077 in
630 1013 716 1078 libro
732 1013 934 1098 apologetico
948 1025 1061 1079 eontra
1077 1014 1293 1087 Gauuiionem
1312 1038 1381 1096 nup.
1396 1023 1427 1079 ὁ.

331 1131 542 1196 subtilissime
560 1132 666 1216 urget)
687 1140 910 1216 argumentum
927 1133 1171 1197 Ansolurianum
1188 1142 1282 1198 anuto
1297 1135 1425 1214 quidem

332 1250 518 1314 infestatum
550 1257 639 1313 reete
668 1253 805 1330 exponit
834 1258 891 1313 aut
922 1252 1133 1330 persequitur.
1178 1250 1346 1314 Videlicet
1376 1257 1425 1316 roi

332 1365 412 1429 haee
442 1375 592 1446 poterant
618 1368 773 1430 excidere
804 1366 974 1449 (Grouniio¹
994 1390 1064 1448 rap.
1090 1373 1119 1431 5.
1144 1375 1221 1430 extr
1239 1368 1269 1450 ):
1300 1368 1423 1447 „Prius

331 1492 453 1547 eertum
478 1482 558 1547 mihi
583 1507 714 1549 neeesse
737 1484 815 1563 fiat,
839 1506 951 1548 revera
975 1506 1045 1548 erse
1066 1485 1184 1548 aiioubi
1200 1489 1421 1568 majusipsuar

331 1610 364 1666 et
385 1611 453 1665 tear
475 1601 598 1665 &mum
620 1621 667 1665 eut
688 1623 745 1680 eo,
769 1602 853 1683 quod
877 1603 984 1684 majus
1006 1611 1056 1665 eat
1077 1602 1237 1680 omuibus,
1261 1606 1295 1666 in
1317 1607 1421 1685 seipso

331 1740 456 1799 qunque
479 1717 655 1783 subsistere
678 1739 741 1780 non
765 1720 828 1781 erit
848 1718 1064 1802 ιιιιιοὶςιιιιιιιιι
1091 1756 1134 1770 -
1158 1723 1188 1784 is
1218 1743 1277 1784 neo
1307 1719 1420 1793 Aaron

330 1839 471 1900 mianum
496 1832 575 1901 illud
599 1852 687 1912 „quo
708 1836 821 1917 majus·
838 1836 973 1918 eogitari
990 1857 1054 1899 nou
1073 1841 1203 1917 potest“
1225 1848 1419 1919 perspectum
1492 1866 1496 1875 ·

331 1954 470 2018 habebat
492 1972 551 2014 neo
573 1949 613 2012 ad
635 1948 755 2012 uiarum
780 1954 897 2015 suimet
919 1954 1020 2031 ipsius
1044 1957 1304 2034 perspicientiam
1320 1958 1419 2019 emer·

331 2081 427 2136 reret.
472 2069 546 2146 Quo
575 2068 706 2131 taudem
736 2069 852 2153 morio,
884 2068 1037 2148 obsecro,
1069 2072 1152 2149 quod
1181 2095 1328 2151 „revera
1353 2095 1420 2137 ease

329 2188 481 2252 aiioubi“
500 2188 571 2269 J'om
595 2188 733 2249 evictum
758 2193 826 2266 eat,
848 2205 934 2266 „ex
954 2207 994 2249 eo
1014 2186 1254 2269 dearumquod
1275 2191 1420 2255 omnibus

330 2306 437 2387 majus
461 2311 528 2383 eat,
558 2303 592 2364 in
615 2322 651 2365 aa
674 2323 798 2383 qunque
822 2305 998 2369 subsistere
1007 2308 1028 2342 “
1051 2307 1178 2369 ostendi
1201 2308 1339 2387 poteritt
1382 2308 1422 2372 Et

330 2423 357 2485 si
388 2422 503 2503 injusti
531 2441 604 2483 ease
636 2420 764 2485 videtur
791 2421 932 2503 judicis,
969 2423 1170 2500 perfectioris
1201 2424 1421 2506 philosophiae
1501 2408 1502 2433 ¹

327 2539 486 2623 judicium
512 2537 571 2600 troo
592 2536 695 2601 iooo
685 2558 719 2599 ru
740 2558 831 2601 usum
850 2560 984 2602 vocare:
1008 2538 1090 2603 nihii
1106 2552 1193 2604 uerte
1210 2541 1321 2606 attulit
1337 2543 1419 2605 Gau
1500 2604 1501 2607 ,

330 2654 410 2734 ιιίΙο,
426 2676 487 2735 quo
500 2624 655 2717 Auselmo
673 2674 749 2717 vere
763 2657 925 2738 negotium
942 2636 1101 2721 iaoeasere
1117 2660 1354 2733 existimandus
1370 2662 1420 2722 sit
1496 2616 1501 2751 i

415 2768 500 2845 Quid
530 2771 628 2853 igitur
650 2770 879 2853 judiaubimus
891 2773 932 2837 de
954 2772 1099 2836 Auselmi
1123 2775 1419 2859 argumentationei

330 2885 381 2950 Αιι
395 2885 619 2966 probabimus?
641 2884 711 2951 Nos
724 2906 802 2953 veto
819 2892 961 2955 minime.
985 2888 1092 2970 Atque
1105 2900 1141 2954 ut
1155 2897 1266 2972 pausia
1280 2904 1419 2957 nostram
1492 2928 1497 3043 p

329 3007 521 3069 seutentiam
538 3004 770 3079 exhibeamus3
791 3005 843 3070 his
857 3010 1062 3088 potissimum
1079 3009 1260 3076 rationibus
1274 3010 1422 3075 laborare
1494 3058 1495 3081 ι

329 3123 455 3188 videtur
477 3129 698 3204 argumentum
721 3125 782 3186 viri
807 3130 911 3190 uenti·
1007 3130 1012 3139 ’
1493 3106 1495 3119 ,

416 3241 464 3307 ti
472 3237 613 3306 Primum
644 3238 771 3317 quidem
802 3244 935 3305 minime
963 3245 1082 3322 evicit,
1113 3244 1206 3307 deum
1239 3248 1421 3311 necessario
1493 3188 1499 3317 i

228 3381 230 3387 ’
329 3376 400 3422 esse
424 3363 570 3421 mturare
589 3353 789 3440 perfectum.
833 3356 926 3423 Hauc
947 3362 1032 3425 enim
1057 3364 1221 3426 notionem
1245 3383 1310 3424 uun
1326 3363 1421 3425 seda

327 3474 391 3538 lius
420 3494 591 3538 excussum
619 3468 775 3537 'assumsit
803 3497 821 3538 e
853 3476 978 3561 vulgari
1005 3499 1044 3540 au
1074 3477 1234 3541 tralatitia
1256 3482 1420 3559 opinione,

329 3613 387 3654 ιιοο
410 3612 486 3655 vero
508 3590 667 3670 ostendit,
690 3612 753 3671 qao
773 3594 850 3674 juro
872 3596 918 3659 ita
940 3601 1070 3659 statuat.
1119 3593 1240 3658 Omnia
1260 3603 1367 3659 autem
1383 3603 1420 3658 ut

328 3705 486 3772 Auselmo'
505 3707 772 3773 oonoederentur:
796 3710 1005 3776 fundamento
1027 3709 1086 3774 ilio
1109 3711 1212 3790 „daus
1226 3713 1336 3792 estid,
1357 3733 1420 3791 qno

328 3829 436 3911 majus
457 3824 593 3907 eogitari
617 3844 681 3886 nou
705 3830 841 3904 potest“
864 3825 1076 3904 labefactam,
1105 3850 1168 3892 noo
1190 3827 1340 3906 traheret,
1369 3832 1421 3893 eui

327 3944 607 4011 ratioeiuatiouem
630 3947 879 4019 superstrueret.
904 3982 941 3994 -
978 3944 1052 4021 Quo
1083 3947 1182 4027 igitur
1211 3944 1420 4026 provocabit'i

327 4061 378 4126 Ad
400 4063 589 4141 seripturarn
613 4057 756 4122 meram?
778 4055 845 4124 *At
872 4060 904 4125 id
928 4060 1033 4125 noluit
1056 4060 1246 4126 Anaelmusr
1276 4062 1423 4141 philoso-

327 4175 425 4256 phum
454 4178 539 4240 anim
569 4196 605 4240 se
632 4179 716 4261 gerit
737 4177 772 4239 iu
793 4174 983 4261 argumento
1016 4177 1083 4240 ilio.
1103 4178 1322 4259 proponendo.
1368 4178 1421 4241 Αιι

329 4289 369 4352 ad
383 4294 612 4356 conscientiam
633 4290 825 4369 humanum?
857 4292 978 4356 Atvoro
994 4296 1106 4358 eadem
1124 4294 1204 4359 haee
1221 4298 1421 4359 nonsoientia

330 4411 387 4471 aut
408 4405 472 4471 sibi
494 4411 619 4472 oouseia
641 4409 691 4491 (ut
712 4409 795 4491 apud
818 4408 969 4495 gentiles)
998 4419 1054 4481 aut
1077 4432 1140 4475 nou
1163 4416 1292 4479 conscia
1314 4411 1422 4493 (velut
