3044 5376
545 519 593 533 -
645 484 692 551 35
732 521 796 585 a..

116 659 283 742 postulat‚
313 680 375 742 qua
402 636 570 727 felicitatis
601 667 730 724 nostrae
752 665 914 744 genuinae
934 665 1213 743 procurationemt

118 778 165 843 At
194 798 240 841 ex
268 780 333 841 iste
363 782 415 842 sui
444 798 574 856 amore,
602 779 658 857 qui
684 776 770 840 alios
791 798 855 842 nen
878 784 945 841 tam
964 780 1095 844 arnaudi
1118 801 1214 862 quam

116 894 237 960 beandi
255 897 361 979 jactat
382 897 584 976 principium,
606 892 697 957 nulla
711 891 928 974 proficiscitur
941 894 1093 976 felicitas,
1115 918 1213 978 quana

117 1022 254 1078 naturae
275 1012 337 1076 lex
358 1014 461 1093 ferat,
483 1020 520 1078 ut
541 1010 765 1075 condicionem
788 1032 865 1074 vere
885 1010 1013 1103 beatem
1030 1022 1064 1078 et
1076 1016 1165 1080 intus
1179 1022 1213 1080 et

116 1106 324 1194 extrinsecus
338 1124 512 1208 parturiret.
545 1126 632 1212 Ergo
647 1148 758 1192 rursus
774 1127 958 1207 incidimus,
972 1129 1036 1194 hoc
1052 1133 1213 1213 principio

116 1244 277 1325 admisso,
299 1249 335 1309 iu
355 1246 599 1328 repugnantiam
622 1253 763 1309 naturae
780 1244 875 1309 valde
890 1248 1071 1331 insignem,
1094 1251 1212 1329 quippe

115 1384 201 1443 quac
223 1382 289 1426 noa
311 1361 407 1426 ruodo
429 1361 590 1425 mandacii
610 1362 926 1426 commendationem
944 1366 978 1426 in
991 1384 1028 1427 sc
1049 1367 1210 1445 suscipere

116 1489 269 1565 cogatur,
287 1498 411 1544 merum
438 1498 478 1542 eo
501 1481 572 1558 ipsc
594 1478 761 1571 felicitatis
782 1480 891 1542 studio
920 1479 1071 1564 (aliorum
1100 1502 1210 1547 aman·

74 1616 77 1621 ’
115 1596 232 1660 derum
250 1605 388 1682 propter
402 1600 507 1680 apcius
521 1596 677 1676 amorem)
699 1595 811 1660 deleat
833 1596 1036 1676 felicitatem,
1059 1618 1122 1677 quo
1139 1614 1212 1662 eam

115 1712 289 1776 fundatum
311 1712 487 1778 dicebatur.
531 1710 628 1783 Haec
652 1716 865 1797 repugnantia
886 1714 977 1779 ducit
997 1714 1039 1777 ad
1061 1712 1205 1778 absurdi·

115 1838 235 1894 tatem:
257 1832 430 1916 redigitur
452 1850 543 1894 atuor
564 1847 630 1891 uon
650 1836 757 1908 potest
777 1833 898 1894 amoris
914 1830 1005 1895 illius
1019 1835 1123 1896 mutui
1137 1852 1210 1896 csse
1308 1840 1311 1845 ⁴

116 1949 319 2028 principium.

203 2062 290 2148 Ergo
316 2083 413 2145 quum
442 2083 546 2142 neque
576 2060 635 2125 lex
664 2083 723 2143 per
752 2084 788 2125 se
817 2070 962 2144 spectata
990 2080 1049 2127 nec
1069 2061 1209 2127 alierum

117 2178 234 2245 relatio
255 2203 315 2245 nec
336 2182 440 2246 nomi
460 2184 603 2262 ipsorum
631 2198 723 2242 amor
743 2180 962 2261 satisfaciant,
992 2179 1076 2245 nihil
1096 2188 1209 2258 restat,

117 2300 181 2362 nisi
201 2305 239 2362 ut
259 2320 403 2364 amorem
424 2302 542 2378 istum,
568 2317 631 2378 quc
654 2299 778 2373 somus,
803 2309 937 2362 naturae
958 2319 1071 2362 norma
1092 2319 1209 2378 provo·

116 2417 200 2493 cuti,
222 2435 332 2479 amare
354 2416 501 2481 esilemm
523 2416 644 2478 amoris
665 2416 786 2476 interni
807 2424 980 2495 expertes,
1007 2414 1210 2491 menducium

116 2533 300 2596 sanciamus
326 2535 452 2616 justum
482 2540 579 2614 atque
607 2537 658 2595 ita
689 2537 823 2594 naturae
853 2532 1101 2596 satisfaciamus.
1143 2528 1211 2592 Sed

116 2656 208 2713 octat
230 2657 345 2723 satura
367 2650 480 2715 cadem
502 2650 721 2714 mandacium:
744 2668 821 2730 ergo
843 2649 941 2711 ctiam
964 2653 1061 2734 istaes
1075 2643 1208 2710 simula·

115 2768 256 2830 tionem:
272 2778 392 2852 pugnat
407 2771 505 2852 igitur
520 2787 628 2831 secum
641 2769 721 2845 ipsa.
767 2764 833 2828 Sed
847 2765 1010 2848 ejusmodi
1025 2783 1208 2847 repugnan-

118 2885 166 2944 tia
187 2900 253 2943 ncn
274 2893 323 2945 cst
345 2885 496 2962 ferenda,
519 2886 583 2947 nisi
602 2902 728 2945 sasima
744 2890 879 2962 urgente
897 2884 1107 2944 necessitate:
1132 2900 1209 2961 ergo
1281 2960 1283 2963 v

117 2998 448 3075 circumspectantium
470 2999 555 3078 apud
577 2999 719 3059 animum
742 3004 905 3071 nostrum,
918 2996 1105 3058 num-forte
1119 3016 1208 3058 amo·

117 3133 186 3175 rem
210 3111 302 3179 illum
325 3088 539 3178 necemarium
567 3113 648 3178 alibi
675 3112 846 3177 fundemus
867 3120 964 3194 atqua
985 3116 1019 3176 iu
1043 3114 1209 3193 principiis

117 3219 278 3310 hucusque
301 3230 508 3296 collustratis.

505 3416 826 3520 Additamentunr.

201 3563 354 3644 Fortasse
368 3582 492 3647 dixerit
507 3585 665 3662 quispiam
681 3578 764 3653 hanc
780 3580 882 3656 ipsam
896 3577 1209 3660 argumentationem

118 3705 312 3778 postremam
334 3701 395 3762 niti
416 3697 603 3788 tandemin
627 3701 779 3782 egcisrno.
823 3692 907 3757 Nam
922 3684 1007 3775 idae,
1030 3696 1105 3775 quia
1117 3692 1207 3773 feli·

114 3821 204 3879 citae
224 3834 270 3878 ex
290 3821 474 3880 redemere
496 3816 636 3880 muneri
658 3821 813 3895 nequeat,
835 3814 1028 3893 principium
1052 3810 1135 3874 illud
1157 3830 1208 3871 re-

84 4022 87 4026 ·
116 3932 257 4013 probari.
302 3930 429 4007 Quibus
449 3937 496 3999 ita
514 3931 800 4014 respondebimus,
823 3938 860 3993 ut
874 3928 1091 4007 simultatem
1107 3923 1208 3985 ratio-

115 4053 312 4115 cinationem
327 4026 391 4113 ⁵nni
413 4054 532 4114 mentis
553 4050 680 4114 obtutui
701 4049 926 4129 subjiciamus.

202 4165 289 4231 Tota
310 4169 545 4251 argumentatio
560 4167 739 4251 ingreditur
752 4167 817 4226 sic:
840 4159 984 4223 Naturae
996 4153 1057 4218 lex
1070 4149 1212 4231 postulat

118 4303 262 4347 amorem
294 4292 440 4352 mutuam
470 4285 568 4347 etiam
598 4303 728 4360 eorum,
759 4281 815 4358 qui
845 4275 966 4340 nullam
989 4274 1041 4336 sni
1061 4271 1211 4334 notitiam

116 4411 354 4468 contraxerunt
375 4408 432 4464 aut
454 4401 552 4463 etiam
578 4397 696 4461 hebere
721 4394 891 4474 videntur,
915 4415 970 4458 cur
991 4391 1066 4456 odic
1089 4408 1124 4450 se
1140 4406 1212 4465 per·

955 4517 974 4575 3
990 4510 1003 4541 i
