3044 5376
516 467 766 532 ..41-

81 664 162 706 ossa
193 643 269 706 deos
299 643 368 704 sive
403 641 496 706 deum
525 688 548 723 „
559 644 609 707 ded
640 641 698 726 τὴν
729 641 830 716 nisiae
861 640 1036 722 cornuam
1087 642 1181 720 Quod

82 766 243 838 quantum
266 758 397 822 recedat
411 758 452 822 ab
466 757 614 823 Anselmi
630 761 907 844 argumentatione
922 765 955 823 et
971 779 1065 839 quam
1081 780 1181 842 prope

82 874 176 939 absit
198 874 239 938 ab
257 884 445 960 argumento
460 875 903 961 cosmologico-teieoiogico
919 879 952 940 iu
968 879 1076 956 aprico
1090 875 1180 940 vide·

82 1002 140 1057 tur
165 1015 247 1057 θεεθ.
270 1029 311 1083 ῥ-
334 992 515 1057 Admodum
538 993 716 1057 consimilis
738 1001 788 1056 est
810 994 981 1078 Augustini
1004 992 1180 1076 (delibero

83 1110 203 1176 arbitr.
219 1111 259 1175 ll.
284 1135 311 1175 c.
328 1112 470 1193 3-15'.)
493 1114 729 1196 argumentatio
743 1113 822 1177 satis
837 1110 977 1192 prolixa.
1022 1107 1180 1174 Homines

82 1224 241 1290 dicuntur
269 1227 418 1292 erunibus
452 1228 585 1311 reliquis
624 1232 746 1292 naturis
774 1231 1031 1310 praestantiores.
1086 1229 1181 1309 „Sed

83 1345 300 1409 manifestum
324 1354 390 1426 est,
411 1349 532 1429 inquit,
561 1348 731 1410 veritatem
755 1368 781 1410 ε.
803 1348 991 1426 sapientiam
1016 1348 1182 1411 universa-

82 1458 156 1524 lem
181 1462 342 1527 mentibus
364 1467 502 1545 nostris,
525 1486 605 1546 quae
626 1486 646 1529 a
670 1467 806 1529 veritate
824 1461 1002 1528 universali
1017 1461 1101 1529 fiunt
1115 1471 1184 1530 cin·

81 1579 194 1663 gulae
217 1581 379 1660 sapientes
410 1589 443 1644 at
472 1602 536 1644 non
565 1583 604 1647 de
625 1586 696 1663 ipsa
717 1581 773 1647 sed
796 1602 855 1662 per
875 1584 978 1661 ipsam
999 1581 1041 1645 'de
1064 1585 1181 1647 ceteris

82 1694 258 1777 judicant,
291 1699 361 1760 sine
391 1697 590 1762 dubitatione
619 1720 691 1761 θεεθ
714 1702 915 1779 potiorem‚“
960 1696 1053 1774 Quod
1074 1708 1181 1764 autem

85 1821 217 1877 mantes
235 1790 390 1879 humanas
404 1824 552 1897 superat,
576 1816 654 1879 deus
671 1814 848 1881 habendus.
893 1814 1002 1899 „Ergo
1017 1818 1044 1878 si
1060 1814 1182 1895 aliquid

16 1926 18 1931 ’
86 1929 309 1995 excellentius
336 1941 386 1996 est
417 1936 576 2015 (veritato
606 1931 822 2012 universali),
851 1928 909 1993 ilie
938 1932 1047 2010 potius
1077 1931 1183 2013 (quam

24 2104 29 2111 .
87 2048 231 2134 veritas)
260 2058 308 2113 est
341 2050 431 2113 deus.
477 2050 514 2114 Si
543 2061 649 2115 autem
680 2072 745 2113 non
773 2054 840 2127 est,
869 2052 941 2133 J'am
971 2052 1041 2129 ipsa
1063 2050 1184 2112 veritas

88 2173 141 2229 est
158 2166 253 2240 deus3
277 2170 353 2252 ergo
368 2168 447 2232 deus
463 2172 547 2234 est.“
592 2167 655 2232 Cui
670 2175 858 2252 argumento
874 2174 962 2231 recte
977 2166 1185 2232 conferuntur

89 2307 151 2365 aa,
175 2306 256 2365 quac
278 2284 452 2350 Anselmus
474 2287 617 2366 disputat
639 2288 673 2348 in
695 2284 886 2370 Monologio
910 2307 968 2349 nec
990 2307 1080 2365 vcro,
1103 2307 1184 2366 quaa

89 2404 125 2464 in
158 2401 326 2486 Proslogio
355 2410 534 2468 tractantur
563 2411 596 2467 ot
617 2402 688 2467 sola
717 2401 779 2466 huc
803 2403 935 2466 faciunt.
960 2441 998 2450 —-
1029 2401 1185 2466 Boethius

90 2527 202 2585 autem
220 2523 254 2584 in
273 2499 396 2585 consol.
410 2519 529 2602 philos.
545 2518 603 2584 ill.
622 2525 671 2584 10.
696 2522 742 2584 ita
764 2521 832 2585 iero
851 2518 1029 2584 concludit:
1054 2518 1186 2601 „Omne

91 2636 177 2716 quod
207 2638 425 2718 imperfectum
457 2659 528 2702 esse
558 2638 691 2719 dicitur,
729 2638 761 2709 id
798 2641 1020 2704 imminutione
1052 2638 1186 2726 perfecti

92 2757 319 2836 imperfectum
342 2779 413 2820 esse
436 2755 631 2837 perhibetur.
677 2755 749 2832 Quo
779 2755 837 2838 fit,
868 2765 904 2822 ut
934 2760 962 2822 si
986 2759 1019 2820 iu
1042 2755 1186 2837 quolibet

90 2894 215 2957 genera
238 2867 459 2951 imperfectum
488 2873 564 2951 quid
594 2893 665 2935 esse
696 2873 862 2952 videatur,
892 2877 926 2936 iu
949 2896 987 2936 eo
1011 2874 1186 2953 perfectum

93 3007 224 3067 quoque
254 2985 374 3068 aliquid
404 3007 475 3049 esse
505 3008 637 3052 necesse
659 2990 701 3052 sit
709 2992 743 3065 “‚
770 2986 856 3050 undo
885 2988 1041 3072 originem
1070 2987 1189 3053 habeat

92 3105 329 3184 imperfectum.
390 3102 462 3166 Jam
500 3112 576 3168 sunt
610 3105 816 3185 imperfecta3
851 3113 927 3169 sunt
962 3107 1061 3190 igitur
1089 3110 1186 3171 etiam

17 3236 29 3307 f
93 3222 256 3304 perfecta:
289 3225 342 3303 qui
373 3231 422 3286 est
444 3222 533 3287 deus.
579 3222 743 3287 Videlicet
765 3230 814 3286 est
836 3221 916 3286 haec
938 3225 1020 3286 mira
1042 3225 1188 3288 confusio

17 3372 19 3395 π
95 3342 277 3424 argumenti
307 3338 513 3425 cosmologici
541 3316 610 3404 cum
641 3339 756 3425 logicis
786 3339 975 3421 quibusdam
996 3339 1189 3416 rationibus,

98 3461 214 3544 quippe
245 3456 327 3539 quod
358 3461 446 3521 notio
476 3458 658 3538 imperfecti
686 3456 863 3535 aperfecti
886 3456 1018 3517 notione
1042 3454 1189 3519 rideatur

93 3575 268 3660 progredi.
313 3574 547 3638 Verumtamen
569 3579 603 3640 in
626 3574 777 3637 Aucelmi
804 3575 989 3635 memoriam
1013 3571 1073 3637 hac
1094 3594 1189 3659 argu·

98 3696 298 3756 mentatione
313 3695 372 3754 vix
385 3693 522 3756 redieris
536 3715 574 3758 ac
593 3692 688 3756 velim
705 3692 872 3774 equidem,
899 3687 1075 3756 Cleanthes
1090 3712 1189 3773 usquo

98 3810 139 3873 ad
156 3808 328 3874 Boethium
343 3784 484 3890 'posthac
507 3832 552 3874 ex
570 3810 719 3874 Anselmi
741 3811 961 3895 antesignanis
982 3807 1168 3873 exulentur.

186 3927 386 4008 Quapropter
415 3945 477 4009 quo
508 3932 632 3992 cautius
661 3929 753 3992 nobis
776 3927 945 3992 videndum
974 3933 1040 4001 est,
1072 3943 1112 3984 ne
1134 3929 1191 3984 aut

99 4055 322 4132 argumentum
344 4052 400 4108 aut
417 4046 576 4127 judicium
600 4048 780 4109 sententiae
804 4041 1032 4105 Anselmianae
1055 4037 1189 4102 coufun-

18 4246 20 4253 Α
101 4165 215 4230 damus
239 4184 309 4227 cum
333 4164 374 4223 iis
398 4163 644 4245 argumentandi
666 4158 863 4236 rationibus,
894 4177 974 4239 quae
998 4162 1190 4235 provocatae

100 4281 180 4346 illae
202 4281 329 4372 quidem
355 4276 394 4341 ab
420 4275 594 4356 Ansalmo‚
624 4286 734 4360 postea
756 4283 831 4340 sunt
854 4274 1038 4355 expositae:
1069 4294 1107 4336 eo
1129 4274 1189 4336 mi-

101 4420 162 4463 nus
184 4398 330 4463 dubitare
359 4398 551 4478 poterimus,
581 4397 658 4477 quin
679 4393 796 4458 'ordine
826 4393 977 4475 deinceps
998 4390 1110 4455 audire
1133 4390 1191 4452 de-
