3044 5376
702 493 987 560 ·-34-

312 672 445 738 moralis
474 670 610 736 historia
642 676 718 734 sunt
747 675 937 735 commorati
948 694 962 751 ,·
989 675 1141 752 perquam
1171 673 1288 735 mirum
1312 674 1420 739 debet

310 791 443 869 cadere,
465 797 544 870 quot
564 796 614 853 tot
635 789 780 869 tantique
802 786 986 868 philosophi
1002 808 1132 852 omnem
1149 809 1247 870 saepe
1266 788 1414 873 lapidem

197 944 200 949 ·
312 911 480 972 motitasse
514 909 721 988 reperiuntur
756 905 796 969 ad
835 906 1008 968 discidium
1039 908 1137 994 iuter*
1157 907 1349 975 felicitatem
1383 924 1422 979 et
1495 930 1499 935 ’

314 1028 467 1089 virtutem
491 1026 650 1088 sinceram
673 1022 949 1105 componendum,
972 1044 1068 1103 quum
1092 1026 1140 1087 rei
1164 1034 1279 1090 natura
1302 1029 1419 1109 paullo

315 1141 503 1227 diligentius
521 1144 740 1222 examinata,
768 1139 929 1224 judicium
955 1139 1044 1205 haud
1075 1149 1142 1207 tam
1176 1140 1310 1210 difficile
1339 1168 1419 1212 esse

313 1260 474 1324 videntur.
509 1258 653 1340 ¹Etenim
678 1262 707 1322 is
729 1259 856 1323 demum
881 1266 984 1321 status
1007 1266 1140 1322 naturae
1153 1265 1345 1325 convenire·
1362 1272 1419 1328 est

314 1346 511 1456 censendus,
534 1380 588 1458 qui
610 1376 831 1458 plenissimam
856 1379 1042 1440 naturarum
1066 1381 1244 1442 viventium
1269 1380 1417 1455 felicita-

313 1504 379 1558 tem
401 1495 549 1559 adducat.
593 1493 737 1558 Naturae
767 1497 854 1577 enim
885 1493 1020 1574 quadam
1044 1499 1417 1597 necessitatepellimur

314 1612 352 1674 ad
377 1610 567 1675 felicitatem
592 1611 686 1674 nobis
710 1611 885 1691 parandam
900 1619 1060 1691 ‘quantum
1080 1610 1153 1676 fieri
1178 1620 1281 1694 possit
1302 1624 1415 1683 maxi·

145 1770 149 1779 .
314 1751 410 1793 mam.
449 1727 534 1805 Quid
551 1722 670 1812 igitnrf
710 1727 796 1797 Num
813 1729 967 1813 pugnabit
982 1729 1149 1794 felicitatis
1164 1735 1250 1797 istud
1268 1739 1416 1801 studium
1518 1798 1519 1825 ,

315 1868 386 1910 cum
415 1847 546 1910 virtutis
576 1863 767 1930 germanae,
802 1852 884 1928 quae
919 1867 1046 1911 omnem
1081 1854 1257 1933 egoismnm
1286 1854 1417 1919 fastidit
1518 1834 1519 1897 l

314 1964 460 2041 penitus,
496 1961 724 2026 observatione
759 1969 794 2026 et
819 1966 1076 2065 venerationef
1093 1967 1167 2032 Nou
1202 1978 1252 2033 est
1282 1973 1337 2034 ita.
1387 1973 1415 2035 E

313 2080 474 2140 contrario
502 2085 629 2142 tantum
660 2080 771 2156 abest,
800 2088 837 2142 ut
864 2084 1003 2163 genuina
1034 2084 1175 2171 felicitas
1206 2089 1367 2153 discordet
1391 2111 1412 2153 a

313 2198 439 2257 sincera
461 2195 602 2272 virtute,
632 2205 669 2257 nt
690 2193 758 2256 hec
786 2217 844 2276 per
867 2200 917 2260 sui
940 2218 1080 2266 amorem
1106 2193 1239 2269 nimium
1262 2209 1414 2287 infracta,

314 2311 456 2375 felicitas
484 2322 610 2391 quoqu'e
640 2316 822 2377 evanescat
866 2312 1025 2382 Nimirum
1055 2340 1246 2403 quamquam
1274 2333 1414 2390 uatmae

313 2409 386 2513 lege
406 2445 560 2493 vocamur
581 2430 621 2493 ad
643 2428 833 2494 felicitatem
856 2431 950 2496 nobis
971 2435 1161 2516 parandam,
1184 2449 1292 2506 tamen
1318 2447 1411 2526 ejus·

313 2546 385 2610 dem
410 2554 543 2610 naturae
565 2545 629 2609 fert
643 2544 723 2608 ordo
739 2544 833 2626 plane
849 2548 1068 2632 admirabilis,
1088 2562 1124 2618 ut
1139 2557 1241 2636 siquis
1256 2555 1428 2622 virtutem.

307 2628 448 2744 'suspicit
468 2656 502 2726 et
524 2659 733 2741 amplexatur
753 2666 916 2747 utilitatis
936 2671 1062 2733 ratione
1077 2671 1203 2753 ductus,
1225 2695 1319 2755 quam
1334 2677 1411 2741 inde

314 2800 348 2843 se
378 2791 602 2860 percepturum
633 2787 760 2860 speret,
796 2785 1016 2849 eonscientiae
1044 2789 1195 2870 stimulo,
1234 2797 1330 2873 quod
1348 2814 1410 2859 mo

312 2918 409 2961 eausa
430 2895 496 2982 legi
519 2902 653 2959 naturae
677 2897 838 2964 satisfecit
859 2922 919 2965 neo
942 2905 1209 2986 quidquaminde
1222 2916 1330 2977 meriti
1344 2914 1408 2978 sibi

311 3014 463 3099 collegit,
494 3015 647 3079 continno
670 3015 854 3093 repulsetur
873 3019 913 3084 ab
935 3021 994 3086 illo
1017 3026 1087 3103 ipso
1109 3014 1277 3094 felicitatis
1299 3050 1407 3111 sensu,

278 3117 280 3122 ’
309 3150 373 3209 quo
395 3130 437 3192 ad
458 3120 612 3193 virtutem
634 3130 696 3194 fuit
717 3132 877 3225 admotus,
921 3140 1056 3205 Scilicet
1074 3162 1139 3206 non
1154 3154 1262 3224 potest
1277 3149 1409 3213 sibimet

310 3248 372 3324 ipsi
401 3242 527 3309 infitias
558 3247 625 3324 ire,
657 3266 693 3308 se
718 3255 788 3312 tota
817 3250 878 3317 hac
908 3257 1025 3338 agendi
1054 3260 1181 3326 ratione
1202 3246 1406 3341 mendacium

309 3366 510 3428 committere
539 3366 800 3449 spurcissimum,
838 3391 934 3451 quum
967 3373 1105 3440 aliorum
1142 3400 1219 3460 prae
1254 3404 1289 3446 se
1322 3385 1407 3449 feret

197 3465 200 3469 ’
292 3502 472 3562 amorem,
501 3480 591 3545 nullo
620 3482 687 3547 alio
709 3470 801 3549 aetus
824 3490 887 3550 nisi
910 3511 968 3554 suo
991 3495 1109 3572 ipsius:
1139 3500 1172 3560 et
1192 3507 1308 3563 temen
1327 3520 1406 3585 opus

310 3594 407 3658 habet
428 3599 491 3658 istu
513 3586 633 3679 specie.
679 3602 764 3680 Quid
781 3604 919 3685 denique
937 3609 1041 3674 dicam
1056 3613 1097 3675 de
1112 3636 1170 3693 eo,
1192 3616 1276 3699 quod
1291 3616 1413 3682 istius?

308 3711 396 3775 modi
419 3709 611 3797 homuncio,
633 3718 691 3782 nbi
707 3720 761 3805 vel
774 3722 953 3802 paullulum
969 3729 1169 3816 divulgatum
1186 3735 1267 3815 erit,
1290 3736 1404 3818 quibus

308 3827 348 3892 de
370 3802 477 3893 causis
491 3828 628 3896 aliorum
644 3813 787 3901 amorem
802 3840 954 3922 amplecti
968 3847 1117 3912 uideatur
1132 3856 1166 3913 et
1178 3850 1275 3933 tueri,
1298 3858 1404 3919 omnir

296 3938 445 4010 'aliorum
466 3952 587 4013 amoris
609 3970 711 4033 aeque
727 3952 767 4020 fit
779 3978 899 4039 expers
914 3971 1011 4043 atque
1026 3967 1282 4035 existimationis
1299 3972 1404 4037 bonae

246 4093 248 4096 >
304 4063 413 4143 itaque
435 4065 469 4127 in
492 4072 687 4134 contrarium
710 4072 751 4136 ab
774 4095 813 4136 eo
836 4083 956 4139 statum
972 4078 1120 4163 devenit,
1146 4107 1239 4166 quem
1255 4088 1403 4154 obtinere

303 4179 409 4244 voluit
430 4184 585 4265 cujusque
606 4191 712 4271 gratia
735 4193 841 4271 specie
863 4194 928 4255 ista
951 4196 1097 4262 mendaci
1120 4222 1192 4266 sese
1209 4207 1402 4272 circummu-

304 4293 407 4358 n‘ivitt
444 4295 529 4373 Quid
553 4293 672 4386 igitur?
716 4304 768 4369 An
791 4308 845 4371 isti
868 4311 1025 4392 principio
1048 4337 1191 4383 amorem
1213 4320 1307 4387 illum
1331 4347 1402 4388 mu·

302 4419 391 4475 tuum
408 4426 675 4501 superstruemus,
700 4443 793 4504 quem
811 4425 924 4490 eadem
943 4439 1058 4495 natura
1073 4437 1187 4501 eadem
1204 4444 1401 4506 necessitate
