3044 5376
515 499 767 564 ...27-

10 668 11 675 '
84 679 158 737 tota
170 672 252 737 haee
267 673 383 757 agendi
396 674 594 739 consuetudo
609 684 753 740 resumet
768 674 900 739 tandem
913 674 954 739 ed
969 673 1184 755 mendacium,

87 794 205 872 quippe
220 811 301 870 qnae
320 789 451 856 simulet
466 812 620 871 eruorem,
641 795 737 876 eujus
752 812 882 873 prorsus
898 797 950 856 est
962 810 1092 872 expers.
1134 775 1203 858 Aa⁸

87 912 118 973 si
143 930 253 977 verum
277 913 480 990 quaerimus,
502 907 700 973 revolvimur
722 910 762 973 ud
786 913 963 994 egoismum
985 909 1076 991 (nolo
1099 912 1185 974 enirn

88 1027 200 1091 dicere
235 1026 308 1106 „aa
335 1046 478 1093 umorem
508 1031 610 1091 nostri
641 1030 782 1107 ipsorum
815 1029 981 1119 nimium“
1018 1020 1199 1092 brevitatis

87 1145 212 1228 gratia)
227 1152 378 1224 tauquam
397 1165 555 1213 summum
577 1147 787 1224 principium
811 1143 936 1209 seilicet
950 1144 1024 1210 ideo
1040 1147 1186 1226 quamvis

87 1283 204 1331 amore
215 1261 374 1339 destituti,
391 1265 509 1329 amoris
524 1264 666 1342 speeiem
684 1283 761 1344 prae
778 1284 813 1328 se
827 1263 946 1342 ferunt,
965 1267 1039 1342 quia
1051 1269 1185 1327 naturae

88 1380 208 1447 ordine
236 1381 300 1442 isto
330 1377 475 1458 illibato,
510 1378 574 1445 sibi
603 1401 730 1461 quoque
760 1381 842 1445 bene
872 1380 1015 1479 futurum
1042 1388 1184 1459 sperant.

95 1495 269 1561 Sectantur
300 1499 398 1579 igitur
426 1499 524 1563 etism
555 1501 609 1561 isti
630 1519 760 1563 eausam
790 1519 817 1562 s.
840 1499 1031 1578 principium
1059 1498 1188 1582 agendi,

92 1612 136 1677 de
159 1634 221 1695 quo
244 1614 329 1680 inim
349 1614 530 1681 disserendi
552 1617 776 1696 opportunitas
796 1617 860 1679 erit
881 1612 1002 1679 oblata.
1026 1648 1069 1665 -·
1093 1616 1189 1682 Redit

93 1750 174 1793 vero
196 1732 318 1809 oratio,
350 1732 435 1796 unde
456 1732 634 1812 paullulum
659 1734 804 1817 digressa
826 1731 898 1799 fuit.
951 1730 997 1797 lu
1027 1737 1113 1799 enim
1135 1759 1188 1801 re·

94 1850 247 1928 sponsari
269 1869 407 1928 eramus,
429 1852 484 1929 qui
506 1849 611 1934 legem
635 1858 769 1915 naturae
792 1852 895 1930 ipsam
917 1856 955 1912 ut
975 1852 1080 1935 legera
1093 1853 1189 1918 suifi-

95 1987 170 2031 cere
194 1967 233 2029 ad
257 1987 398 2033 amorem
418 1965 511 2031 illum
534 1967 743 2031 excitandum
767 1974 799 2031 et
820 1965 1093 2033 corroborandum
1116 1974 1189 2036 exi-

95 2087 242 2151 stiment.
292 2083 371 2148 Fuit
399 2082 479 2148 haee
512 2087 583 2168 jara
611 2084 795 2151 Stoieorunr
822 2085 1003 2165 sententie,
1038 2086 1191 2157 similiter

97 2200 293 2269 Aristotelea
315 2201 427 2282 (ethio.
443 2200 468 2266 l.
483 2224 511 2268 e.
534 2202 577 2285 9.)
598 2182 638 2268 al
659 2210 768 2267 nostra
790 2205 945 2268 memoria
958 2199 1039 2267 haee
1057 2211 1191 2276 senm-

95 2320 144 2383 tia
168 2340 281 2404 magna
303 2341 374 2387 eum
388 2322 548 2404 gravitate
569 2332 621 2384 est
641 2320 808 2387 venditata
829 2326 864 2383 et
877 2341 898 2385 a
912 2318 1034 2387 Keutio
1055 2323 1191 2405 ejusque

96 2436 234 2503 asseclis
262 2457 363 2516 usque
393 2438 435 2501 ad
465 2437 606 2503 taedium
635 2459 732 2518 prope
755 2439 893 2518 repetita
909 2438 951 2520 ”).
995 2435 1191 2504 Commoue-

99 2574 172 2621 mnr
205 2554 266 2621 hoe
291 2553 365 2619 loeo
392 2540 499 2621 denuo
529 2554 756 2633 uehementer,
784 2563 981 2636 quantopere
1012 2556 1190 2621 carendum

99 2670 193 2737 uobis
216 2676 277 2753 sit,
308 2696 350 2741 ne
377 2673 548 2754 praesidiis
573 2673 749 2759 neglectis,
778 2693 861 2753 quae
890 2673 1094 2754 providentia
1122 2678 1191 2757 ipra

100 2789 193 2857 nobis
216 2791 450 2871 suppeditavit,
480 2796 514 2857 iu
536 2813 663 2858 errores
688 2791 899 2876 jamdudum
930 2790 1085 2872 explosos
1106 2797 1191 2858 reei-

99 2904 232 2983 damnr,
263 2927 344 2971 nere
366 2911 399 2971 in
420 2898 459 2971 eo
481 2911 552 2987 ipso
576 2907 782 2992 magnifieum
804 2912 913 2973 neseio
936 2909 1012 2991 quid
1033 2913 1193 2989 reperisse

102 3021 197 3085 nubis
211 3021 387 3088 viduarum.
431 3023 604 3103 Postquam
617 3027 652 3093 ln
665 3045 701 3089 ra
717 3023 961 3104 haudquaquam
980 3031 1048 3089 tara
1062 3024 1194 3092 diffieili

98 3140 140 3205 ad
156 3139 414 3222 dijudicandum,
434 3148 504 3205 tota
517 3143 695 3222 antiquitas
714 3139 907 3222 philosopha
929 3144 1044 3207 mirum
1067 3144 1102 3206 in
1124 3165 1194 3213 aru·

101 3258 176 3324 «lum
190 3255 345 3323 fluctuata
360 3258 439 3333 luit3
459 3257 614 3324 Karalus
630 3260 716 3338 (erit.
732 3267 832 3340 praet.
846 3267 907 3325 rat.
922 3281 952 3339 p.
971 3263 1043 3324 tas·
1062 3259 1194 3325 Grund-

100 3378 226 3461 legung
246 3374 308 3441 der
327 3373 442 3444 Sitten
462 3400 494 3459 p.
519 3380 569 3441 13.
591 3375 658 3457 6³.)
687 3374 771 3443 hane
792 3377 988 3441 sentemimu
1009 3380 1196 3441 sexcenties

102 3496 273 3573 repetitam
289 3490 506 3578 promulgarit
529 3513 623 3559 verae
641 3506 679 3561 ae
700 3494 845 3559 morene
860 3493 990 3556 virtutis
1005 3494 1196 3574 principium

102 3614 194 3679 esrai
223 3614 258 3678 in
281 3608 352 3675 solo
373 3611 567 3690 imperativo
594 3611 649 3689 qui
670 3609 809 3687 dieitur,
840 3612 1032 3693 eetegorioo.
1075 3608 1104 3674 E
1127 3609 1197 3679 sola

105 3730 196 3814 lege,
225 3728 281 3793 ubi
302 3727 405 3797 semel
434 3726 713 3811 lassaigniae,
742 3748 871 3795 omnam
900 3734 1043 3794 norum
1065 3731 1196 3793 virtutis

106 3847 288 3928 inplendae
305 3849 371 3913 rim
393 3844 556 3927 proficisci
578 3845 713 3915 dabas:
732 3847 786 3927 qai
805 3844 897 3912 aliud
917 3844 1016 3929 hujus
1028 3845 1197 3910 tauultatie

105 3973 139 4031 et
153 3967 290 4031 aetiumr
309 3972 443 4045 quaerat
456 3966 659 4045 principium,
681 3985 755 4033 eam
771 3985 791 4028 a
805 3984 958 4047 germana
972 3963 1094 4027 virtute
1108 3962 1196 4026 ‹lele-

107 4087 190 4150 eiase
201 4082 421 4165 judieenduin.
467 4079 553 4161 Quid
571 4083 669 4167 igitur
681 4084 810 4161 anuum,
827 4081 910 4161 quod
924 4081 1092 4160 „amuri's“
1107 4081 1195 4161 prin·

175 4367 204 4440 *)
223 4368 303 4422 llulta
324 4368 428 4432 egregie
447 4368 478 4417 de
496 4366 585 4419 liantio
608 4369 745 4435 disputavit
761 4368 917 4421 Hortensten.
951 4344 1042 4420 llthiea
1060 4370 1118 4421 inde
1139 4386 1155 4421 a
1171 4386 1197 4436 p.

108 4458 150 4509 68.
169 4455 202 4506 es.
222 4454 339 4507 Clodium
356 4452 563 4519 &tamtam
578 4470 603 4520 p.
622 4453 682 4507 tta
699 4468 754 4519 seq.
