3044 5376
769 502 1023 569 ..46-

347 685 473 765 pemvit
491 678 681 744 Anselmnm
699 697 736 743 ac
754 680 874 743 trustra
889 678 974 741 hunc
995 688 1031 743 nt
1053 694 1143 742 mom
1166 679 1268 758 ipsius
1289 686 1456 762 opposuit·

349 790 678 885 argumentationem:
1391 796 1395 800 “

475 913 599 996 „Quod
631 915 717 979 clare
748 924 780 978 et
806 914 957 977 distincte
979 912 1192 997 intelligimus
1214 901 1380 992 pertinere
1404 914 1449 976 ad

431 1031 573 1116 alicujus
601 1034 650 1096 roi
677 1053 787 1096 veram
812 1037 844 1099 et
859 1029 1101 1093 immutabilem
1125 1038 1272 1094 naturam
1296 1033 1365 1094 sine
1393 1052 1447 1094 es-

432 1151 570 1214 sentiam
600 1150 671 1212 sive
698 1147 854 1225 formam,
885 1146 919 1209 id
949 1154 1055 1227 potest
1083 1148 1125 1210 ‹le
1147 1168 1185 1213 ee
1207 1168 1279 1212 curn
1303 1134 1446 1212 veritate

432 1265 608 1339 affirmem
639 1265 696 1331 sed
721 1273 888 1354 postquam
914 1266 994 1328 satis
1022 1272 1172 1329 accurate
1192 1268 1445 1350 investigaveri-

434 1404 524 1464 mus,
547 1382 623 1464 quid
648 1382 808 1447 sitiens:
832 1380 922 1449 clare
942 1389 975 1445 et
996 1381 1148 1446 distincte
1170 1382 1384 1467 intelligimus
1403 1382 1444 1446 ed

433 1505 506 1588 ejus
529 1520 639 1566 veram
663 1509 695 1564 et
717 1497 951 1563 immutabilem
974 1510 1120 1566 naturam
1140 1504 1352 1581 pertinerent
1365 1503 1443 1564 exi·

353 1631 354 1634 ’
431 1623 525 1684 stat“
549 1657 587 1667 -
612 1617 718 1697 „adeo
741 1603 897 1700 (adjungo
913 1614 994 1679 haec
1009 1616 1107 1680 verba
1126 1618 1269 1681 emedit.
1286 1616 1327 1680 V.
1346 1617 1441 1696 merl,

431 1756 513 1818 quae
543 1738 710 1816 praecipue
740 1735 775 1797 in
805 1732 866 1796 hoc
893 1732 967 1796 loco
997 1732 1192 1798 illustrando
1223 1734 1442 1817 versatur).ut

419 1875 495 1918 ⁴non
518 1853 620 1936 magis
642 1859 800 1935 repugnet
815 1853 957 1936 cogitare
974 1851 1068 1914 deum
1084 1850 1161 1935 (hoe
1176 1860 1226 1916 est
1244 1873 1302 1915 ens
1318 1872 1441 1916 summe

432 1973 624 2054 perfectum)
640 1971 691 2034 cni
705 1969 790 2032 desit
806 1970 983 2031 existentia
993 1968 1069 2049 (hoo
1084 1977 1150 2035 est:
1165 1973 1218 2033 oui
1233 1970 1317 2033 desit
1333 1969 1440 2051 aliquo

431 2087 602 2171 perfectio)
626 2105 719 2167 quam
742 2088 884 2170 cogitare
902 2095 1056 2166 montem,
1077 2091 1128 2151 cui
1145 2087 1230 2151 desit
1244 2085 1376 2153 vallis.“
1399 2123 1439 2136 -

329 2189 428 2275 'Item
452 2205 547 2287 plane
571 2202 761 2282 Anselmus,
785 2206 839 2285 qui
859 2203 911 2267 dei
925 2207 1135 2269 existentium
1153 2206 1229 2269 inde
1245 2213 1334 2269 recte
1350 2227 1439 2286 repe-

340 2337 416 2394 tere
439 2323 502 2389 sibi
524 2320 702 2402 videbatur,
726 2319 809 2403 quod
832 2321 893 2385 deo
917 2320 1000 2385 nihil
1025 2324 1161 2407 cogitari
1183 2331 1294 2404 posset
1315 2326 1438 2407 majm:

346 2446 369 2508 i.
385 2466 413 2507 e.
431 2444 511 2506 satis
528 2440 591 2504 sibi
604 2443 782 2521 percepisse
797 2439 987 2520 videbatur‚'
1002 2440 1077 2520 quid
1099 2446 1184 2505 esset
1207 2442 1298 2520 deus,
1321 2443 1438 2518 etenim

346 2569 494 2625 naturam
511 2556 657 2622 omnibns
674 2558 816 2621 numeris
831 2554 1011 2623 absolutam
1027 2556 1163 2643 ideoque
1179 2560 1276 2623 etiarn
1293 2563 1438 2624 existen·

346 2673 413 2740 tiae
435 2676 633 2756 perfectione
655 2678 854 2740 instructum.
899 2674 1042 2739 'l'antum
1063 2677 1161 2758 igitur
1182 2674 1293 2755 obest,
1325 2682 1363 2739 ut
1389 2696 1437 2739 re·

348 2794 509 2865 centiores
527 2790 567 2853 ad
588 2810 686 2855 unum
704 2810 815 2854 omnes
831 2791 913 2872 quod
931 2770 1041 2871 sciam,
1066 2790 1249 2856 Carteslum
1269 2793 1396 2863 demum
1413 2794 1438 2875 ³)

348 2907 474 2976 notioni
492 2911 587 2989 entis,
609 2917 647 2973 ut
663 2909 768 2992 ajunt,
791 2907 965 2974 realissimi
981 2918 1203 2992 argumentum
1221 2910 1437 2994 ontologicurn

349 3028 607 3111 superstruxisse
628 3034 716 3091 recte
737 3025 901 3110 judicent3
924 3034 960 3090 ut
982 3026 1129 3097 Cartesii·
1145 3028 1295 3092 meritum
1318 3030 1353 3091 in
1375 3028 1439 3092 alin

347 3145 501 3228 longera
523 3136 823 3222 sit'quaerendum,
855 3143 939 3222 qnod
973 3165 1013 3206 ne
1043 3141 1192 3208 Cartesio
1222 3148 1284 3225 ipsi
1314 3146 1447 3228 quidem

348 3263 427 3325 sutis
458 3264 657 3340 perspectum
672 3255 788 3320 'luisse
817 3258 956 3325 videtur.
1000 3259 1130 3325 Etenim
1154 3261 1322 3328 Cartesius
1343 3284 1438 3347 quum

346 3378 596 3462 persentisceret
623 3375 664 3437 ad
693 3383 914 3458 argumentum
943 3376 1084 3462 ontolog.
1108 3379 1337 3450 stabiliendum
1360 3402 1437 3462 opus

349 3518 421 3560 esse
444 3490 652 3578 probatione,
683 3512 745 3574 qua
773 3493 879 3557 ideam
908 3492 999 3559 illam
1031 3495 1084 3558 dei
1113 3501 1182 3562 sive
1212 3507 1345 3563 naturae
1367 3519 1436 3580 per·

229 3676 232 3681 ,
346 3612 452 3674 fectae
485 3611 667 3675 necessario
697 3610 832 3695 cogitari
866 3619 1191 3694 commonstraretnr,
1220 3624 1384 3696 temqusrn
1405 3619 1438 3679 in

346 3727 579 3808 praetereundo
603 3726 693 3792 addit
713 3730 748 3791 in
772 3726 884 3792 eadem
906 3727 964 3791 illa
986 3730 1196 3796 meditatione
1218 3732 1269 3797 V:
1299 3732 1438 3813 „multis

413 4014 442 4083 *)
460 4013 612 4066 Minatus
629 4014 771 4064 distinctius
791 4015 866 4064 etiarn
884 4023 1055 4079 argumentum
1066 4018 1193 4085 expressit
1210 4022 1235 4069 iu
1251 4036 1289 4086 ep.
1306 3998 1338 4071 ad
1358 4020 1438 4070 Bler-

346 4092 455 4165 linpium
480 4099 537 4150 data
561 4097 627 4166 (epp.
649 4098 680 4148 nd
702 4098 752 4150 div.
775 4100 842 4150 edii.
861 4097 1003 4164 Korttoldt
1020 4101 1062 4155 lV.
1082 4118 1107 4169 p.
1126 4106 1184 4173 21.)
1211 4104 1437 4169 ‚‚Ca1·tcsiiargu-

345 4181 453 4236 mentum
472 4192 512 4237 eet
529 4210 564 4224 -
582 4185 703 4250 quidquid
723 4199 755 4234 ex
779 4186 817 4234 rei
837 4184 981 4234 definitione
1000 4185 1070 4250 fluit,
1095 4197 1164 4240 reete
1184 4191 1216 4241 de
1237 4206 1268 4240 ea
1286 4191 1436 4257 praedicuri.

346 4269 400 4319 Jarn
418 4271 443 4319 in
465 4271 609 4321 delinitione
634 4270 675 4320 dei
695 4270 870 4334 comprehendi
891 4270 1064 4334 existentiam,
1092 4274 1151 4338 quia
1168 4276 1202 4324 sit
1226 4291 1278 4339 ens
1290 4276 1438 4341 perlectum,

346 4352 459 4415 adeoque
486 4349 571 4405 omnes
599 4356 728 4405 continens
753 4354 923 4419 perfectiones
933 4392 946 4416 ,Α
967 4356 1032 4406 inter
1056 4372 1117 4422 quas
1143 4367 1182 4409 cst
1200 4362 1361 4411 existentia“.
1401 4360 1438 4411 (Il.

345 4432 490 4502 Spinozatn
503 4438 609 4504 princip.
623 4438 714 4504 philos.
732 4438 800 4490 Cart.
817 4438 837 4489 l.
856 4439 996 4504 proposse
1006 4440 1122 4509 ctWolf.
1135 4444 1213 4496 theol
1224 4454 1274 4497 nat.
1291 4446 1311 4497 l.
1329 4451 1352 4498 1.
1363 4463 1388 4513 p.
1396 4445 1436 4499 24.
