3044 5376
757 460 1009 525 ..18-

342 649 490 732 squidem
519 653 589 709 toto
619 649 748 723 pestem
772 638 854 700 hanc
878 635 1059 698 Haansnrr
1088 633 1281 694 sententiam
1313 636 1346 692 et
1368 631 1443 691 viri

343 766 529 845 ceteroquin
551 761 796 840 haudquaquam
821 756 891 836 (qai
911 771 1002 816 meus
1025 744 1151 828 semper
1165 750 1199 810 in
1216 750 1289 829 ejus
1304 747 1454 826 scriptis*

343 884 528 951 lectitandis
557 879 620 942 fuit
648 880 775 955 sensns)
805 860 1034 934 modestissimi
1062 884 1202 948 agnosco
1230 864 1444 927 modestiam.

344 1003 638 1068 verumenimvero
666 993 746 1055 haec
777 990 888 1054 eadem
917 988 1001 1051 ratio
1023 985 1111 1048 cudit
1132 986 1231 1046 etiam
1253 984 1288 1044 in
1311 980 1447 1045 maths-

346 1125 478 1186 maticas
499 1114 790 1180 demonstrationes
813 1113 846 1169 et
864 1105 986 1187 logicas
1003 1103 1072 1165 lere
1088 1121 1200 1163 omnes
1215 1120 1274 1163 nec
1292 1103 1328 1162 in
1343 1121 1445 1162 usum

240 1290 243 1295 ·
347 1241 458 1302 vocari
479 1232 616 1299 debebat
638 1252 659 1291 a
680 1227 892 1290 Dnonrscrrro
924 1221 960 1304 (l.
985 1221 1027 1301 c.)
1055 1220 1095 1282 ad
1121 1216 1447 1281 verisimilitudinem

343 1356 527 1441 argumenti
543 1345 736 1429 teleologiei
759 1331 991 1416 excusandam,
1016 1358 1097 1416 quae
1120 1334 1216 1418 longe
1239 1342 1289 1397 est
1310 1336 1445 1398 diversa

349 1482 382 1539 et
404 1472 499 1551 plane
521 1465 632 1532 eadem
662 1459 828 1535 habenda,
857 1465 953 1535 atque
982 1474 1063 1532 quae
1093 1454 1192 1535 volgo
1221 1450 1280 1513 hoc
1310 1457 1445 1515 nemisse

221 1583 225 1590 ¹
350 1589 528 1667 nuncupari
542 1583 635 1647 solet.
679 1577 769 1641 Haec
784 1577 883 1658 igitur
897 1569 1085 1649 infirmitas,
1106 1575 1364 1653 argumentorum
1383 1590 1445 1653 pro

350 1705 402 1767 dei
426 1702 600 1766 existentia
622 1700 753 1760 minime
785 1700 835 1755 est
866 1692 1007 1770 propria.
1052 1689 1213 1767 „Atenim
1236 1698 1443 1770 argumenta·

349 1825 457 1886 tiones
485 1815 733 1881 mathematicae
764 1810 861 1893 longe
890 1805 1043 1870 clariores
1074 1812 1150 1868 sunt
1180 1814 1213 1866 et
1244 1807 1408 1868 certiores.
1420 1810 1443 1844 “

336 1938 457 2017 ¹Audio
480 1934 643 2016 equidem3
666 1931 722 1994 s‘ed
746 1947 867 2010 quaero
887 1925 972 1988 unde
995 1926 1041 1986 ita
1064 1925 1118 1986 sit.
1166 1921 1325 1986 Videlicet
1342 1943 1439 2004 argu-

353 2063 462 2118 ments
477 2025 705 2114 mathematica
720 2047 792 2110 ideo
807 2043 944 2106 clariore
961 2041 1032 2105 luce
1048 2042 1197 2103 videntur
1212 2042 1340 2120 perfusa
1357 2060 1441 2118 esse,

352 2171 436 2252 quod
459 2169 681 2246 in‘psincipii's
703 2162 874 2226 admodum
896 2162 1073 2240 perspicuis
1095 2161 1223 2221 etiamsi
1244 2155 1334 2220 nulla
1350 2176 1444 2238 argu-

353 2289 553 2352 mentatione
584 2283 864 2358 commonstrans,
903 2278 960 2340 sed
988 2277 1176 2340 immediata
1206 2275 1341 2356 quadam
1373 2294 1445 2352 per-

353 2409 502 2487 ceptione
523 2401 647 2483 positis,
671 2401 717 2461 ita
740 2401 896 2476 nituntur,
916 2403 952 2458 nt
969 2394 1168 2482 singulorum
1184 2401 1446 2478 argumentorum

350 2528 505 2608 junctura
527 2519 717 2596 saepissime
739 2519 782 2577 sit
803 2517 953 2578 instituta
981 2515 1019 2576 ad
1049 2514 1170 2577 formas
1191 2508 1447 2575 universaliores

355 2649 388 2704 et
410 2636 625 2716 simpliciores
646 2642 742 2712 atque
765 2633 977 2712 perspicuitas
999 2653 1038 2694 ea
1059 2605 1135 2694 inde
1154 2631 1349 2706 oboriatur‚·
1365 2648 1447 2706 quae

356 2764 452 2822 extra
474 2771 602 2816 oannem
625 2748 859 2817 dubitationem
874 2752 980 2828 posita
995 2752 1039 2812 sit
1054 2769 1185 2811 necesse
1200 2769 1271 2810 esse
1288 2746 1447 2808 videatur.

354 2873 441 2949 Quid
465 2877 514 2934 est
536 2870 633 2951 igitur
645 2867 842 2930 discriminis
858 2864 898 2928 ab
914 2867 1111 2949 argumentis
1126 2884 1184 2943 pro
1201 2863 1254 2926 dei
1271 2865 1450 2926 existentia
1473 2923 1476 2930 .

356 2986 551 3054 offerendisi
595 2983 712 3048 Nonne
735 2982 814 3046 haec
845 2991 878 3047 et
906 2986 976 3062 ipsa
999 2985 1167 3063 principiis
1190 2983 1370 3061 superstrui
1391 2981 1449 3043 de·

358 3105 450 3177 beot,
481 3122 563 3180 qaae
592 3112 649 3164 aut
670 3104 867 3164 co·nscientia
888 3101 1000 3164 sedulo
1023 3121 1163 3163 excussu
1185 3099 1452 3162 commendentur

357 3225 413 3281 aut
434 3216 565 3280 eruntne
589 3219 634 3279 ita
656 3219 721 3279 sint
746 3216 906 3293 stabilita,
937 3224 972 3278 ut
1000 3216 1195 3279 dubitationi
1224 3239 1289 3280 non
1310 3216 1451 3298 amplius

357 3345 414 3401 aut
435 3338 501 3398 sint
523 3340 579 3397 aut
601 3333 740 3397 debeant
762 3354 833 3396 esse
856 3333 1043 3416 subjectaei
1087 3333 1203 3427 Nonne
1219 3346 1344 3414 partes,
1368 3356 1450 3414 quac

355 3455 399 3516 ad
426 3452 613 3536 hujusmodi
639 3454 756 3514 mentis
770 3449 954 3515 aedilicium
972 3454 1204 3517 exstruendum
1222 3462 1448 3536 coagmentum·

359 3579 423 3647 tur,
445 3576 578 3634 interne
597 3579 830 3649 componuntur
845 3571 1059 3634 necessitatei
1095 3569 1131 3633 ln
1148 3590 1290 3632 errorem
1307 3569 1450 3632 incidere

355 3704 530 3767 possumus
559 3688 681 3765 pariter
708 3696 804 3767 atque
833 3689 866 3748 in
888 3687 984 3750 rebus
1007 3685 1242 3753 mathematicis
1263 3687 1451 3765 tractandis,

361 3804 550 3884 praesertim
574 3822 669 3882 quum
692 3805 897 3884 quaestiones
919 3801 970 3866 his
992 3807 1025 3867 iu
1046 3803 1142 3867 rebus
1165 3803 1340 3868 solvendae
1356 3804 1453 3888 longe

350 3922 426 3984 sint
455 3916 655 3983 difficiliores
684 3930 717 3984 et
745 3920 968 4001 impeditiores
995 3944 1053 3985 nee
1081 3933 1147 3985 tam
1176 3944 1275 4003 saepe
1295 3929 1455 4009 resectae,

361 4057 455 4117 qnam
478 4040 683 4118 quaestiones
707 4037 951 4103 mathematicae
974 4040 1147 4102 -verum
1168 4036 1457 4120 firmitaspersna·

254 4159 257 4166 '
362 4156 462 4217 sionis
493 4158 678 4237 utriusque,
714 4156 864 4236 quamdiu
895 4154 988 4218 nobis
1018 4159 1141 4219 conscii
1170 4179 1300 4236 sumus,
1329 4177 1459 4221 summa

361 4289 432 4332 cum
455 4274 603 4335 cautione
625 4274 715 4335 inre
738 4270 934 4352 disponenda
956 4280 989 4336 et
1010 4272 1216 4338 dilucidanda
1233 4284 1380 4338 versatos
1393 4295 1458 4337 nos
1504 4254 1505 4295 ³

361 4382 480 4464 luisse,
503 4392 579 4467 quin
602 4391 647 4451 sit
661 4388 772 4451 eadem
787 4395 882 4466 atque
896 4389 929 4452 in
945 4393 1186 4471 quaestionibus
1200 4392 1334 4474 reliquis
1349 4395 1460 4456 omni·
1504 4442 1505 4475 t
