3044 5376
331 653 426 712 quum
450 633 504 711 qui
526 636 603 691 ante
625 627 813 691 Aosolmum
837 630 870 690 in
894 627 1029 689 eandem
1052 625 1244 688 sententiam
1274 624 1445 686 incidisse
1514 686 1515 689 ,

332 749 500 827 dicuntur,
525 745 623 830 hujus
645 746 934 830 argumentationis
957 748 1018 808 vix
1040 746 1144 824 prima
1165 743 1312 820 posuisse
1332 741 1443 802 initia

333 863 485 930 censendi
518 865 593 927 sint.
646 862 773 927 Primus
809 864 935 944 quidem
973 860 1072 945 hujus
1106 860 1285 943 argumenti
1318 867 1444 920 auctor
1514 934 1515 947 χ

333 981 521 1063 perhibetur
535 979 632 1065 vulgo
644 978 820 1044 Cleanthes
834 981 919 1062 apud
935 979 1029 1043 Sext.
1046 976 1167 1057 Empir.
1182 975 1256 1037 adv.
1274 973 1442 1040 mathena.

333 1098 393 1162 lx.
417 1122 447 1180 p.
466 1104 630 1177 88—9t.,
653 1100 707 1177 qui
731 1095 901 1162 Cleanthis
925 1097 1007 1161 hanc
1031 1093 1342 1179 argumentationem
1361 1091 1440 1154 for·
1514 1118 1515 1125 ν

332 1226 419 1280 tasse
443 1238 488 1281 ox
511 1219 584 1301 ojus
606 1214 690 1281 libro
712 1262 734 1295 ‚‚
743 1217 811 1298 περὶ
837 1219 951 1280 &affl
972 1215 1084 1294 petiit,
1115 1213 1210 1295 eujus
1233 1211 1440 1272 mentionem

230 1380 234 1385 x
335 1336 444 1418 injicit
462 1332 557 1420 Diog.
573 1333 685 1398 Laert.
701 1332 776 1397 Vll.
793 1337 863 1398 1⁷5.
908 1336 1160 1420 Argurnentatur
1183 1335 1290 1391 autom
1309 1323 1437 1389 Clean·

334 1451 407 1516 thes
437 1454 490 1535 (cf.
521 1452 666 1537 ejusdem
699 1450 853 1533 hymnum
884 1453 917 1513 in
946 1447 1078 1513 Stobaei
1108 1444 1228 1530 eologis
1251 1444 1273 1507 Ι.
1298 1443 1321 1507 Ι.
1345 1466 1376 1506 c.
1405 1449 1436 1507 3.

336 1569 385 1634 od.
408 1567 559 1632 Hannon.
584 1568 672 1632 Gott.
699 1573 791 1633 1⁷92.
814 1592 844 1647 p.
867 1567 892 1631 Ι.
918 1591 946 1651 p.
969 1566 1034 1646 30.)
1055 1566 1122 1636 sio:
1154 1564 1211 1643 „ri
1232 1564 1309 1642 ζῶον
1331 1572 1437 1645 κρεῖτ-

334 1683 389 1748 τόν
411 1684 474 1748 ἔστι
497 1684 589 1762 trino,
613 1683 658 1765 εἴη
681 1681 719 1747 ἄν
738 1708 768 1747 τι
791 1681 956 1775 κράτιστον
978 1682 1070 1759 ζῶον·
1094 1678 1131 1746 οὗ
1153 1680 1212 1767 γάρ
1233 1682 1278 1756 εἰς
1305 1679 1436 1765 ἄπειρον

336 1801 489 1866 lanimem
504 1806 619 1887 olonae
642 1801 681 1866 τὰ
703 1806 849 1865 τοιαῦτα·
876 1837 914 1849 -
938 1799 1014 1864 ἀλλὰ
1034 1797 1096 1882 μὴν
1111 1802 1186 1878 ζῶον
1200 1798 1278 1877 {dno
1293 1798 1436 1881 κρεῖττόν

336 1919 411 1984 ἔστι.
435 1957 472 1967 -
503 1920 629 1984 πάντων
657 1919 692 1982 dd
712 1923 773 1982 tois
795 1920 933 2003 ἐπιγείων
956 1918 1040 1997 ζώων
1064 1957 1101 1967 -
1126 1927 1247 2000 προέχει
1270 1953 1308 1965 ·-
1336 1913 1434 1979 δᾶν-

335 2037 476 2119 θρωπος.
525 2038 638 2100 Τοίνυν
664 2037 829 2119 κράτιστον
862 2033 898 2098 ἂν
926 2034 971 2118 εἴη
1002 2038 1096 2113 ζῶον·
1127 2036 1176 2098 καὶ
1199 2033 1236 2097 οὐ
1258 2034 1341 2097 πάνυ
1361 2057 1393 2096 τι
1417 2029 1433 2096 ὃ

337 2150 504 2236 ἅνθρωπος
526 2153 690 2237 κράτιστον
714 2149 789 2215 εἶναι
811 2153 940 2218 δύναται
961 2154 1038 2231 ζῶον
1061 2191 1101 2199 -
1125 2174 1197 2216 nam
1220 2160 1349 2233 propter
1368 2155 1432 2214 inr-

335 2266 546 2333 heoiliitatem
569 2270 675 2344 ἀτελές
692 2272 742 2333 καὶ
765 2267 844 2333 πολὺ
864 2273 1089 2355 κεχωρισμένον
1111 2276 1168 2334 τοῦ
1189 2270 1322 2334 τελείου·
1344 2266 1379 2332 τὸ
1400 2270 1434 2332 dt

335 2384 450 2450 aliseos
474 2427 509 2434 -—
535 2397 672 2471 κρεῖττον
689 2388 746 2469 μὲν
767 2387 805 2451 ἂν
826 2386 957 2473 ὑπάρχοι
986 2395 1042 2451 τοῦ
1064 2387 1245 2473 ἀνθρώπου.
1282 2390 1374 2450 reiro
1399 2387 1433 2450 δὲ

337 2501 374 2565 οὔ
396 2505 502 2567 διοίσει
530 2510 618 2568 θεοῦ.
656 2504 740 2569 ἔστι
766 2503 841 2587 ἄρα
870 2504 975 2579 θεός.
999 2543 1039 2554 -
1071 2504 1240 2570 Neminem
1258 2508 1286 2586 ¹*)
1317 2507 1432 2584 opinor

336 2619 526 2699 praeteribit
554 2645 597 2686 ex
629 2623 836 2703 perfectionis
865 2623 1017 2707 gradibus
1046 2627 1078 2687 in
1109 2622 1228 2717 mundo
1250 2625 1431 2703 conspicuis

338 2734 582 2818 haudquaquam
609 2760 665 2818 per
688 2760 723 2801 se
747 2748 891 2803 naturam
915 2746 1004 2823 sequi
1029 2741 1177 2805 omnihus
1201 2743 1345 2805 numeris
1372 2739 1428 2802 ah-

337 2852 496 2928 solutam3
519 2856 575 2919 sed
591 2876 713 2935 omues,
735 2878 816 2936 quos
832 2859 977 2940 equidem
993 2861 1209 2945 cognoverim,
1233 2859 1327 2943 fugit,
1349 2856 1431 2919 hane

337 2971 427 3036 nulia
449 2996 491 3036 ex
517 2983 607 3054 parte
631 2975 702 3039 e'sse
719 2973 866 3039 Anseimi
890 2979 1169 3042 ratiocinationem
1187 2975 1242 3057 **).
1262 3015 1300 3024 -
1326 2974 1431 3053 Plato,

337 3094 390 3168 qui
414 3095 483 3170 ipso
506 3114 631 3173 quoque
647 3092 743 3175 vulgo
759 3091 821 3156 huo
838 3094 994 3174 refertur,
1016 3098 1051 3158 in
1068 3093 1204 3159 Philebo
1223 3115 1255 3172 p.
1272 3098 1324 3157 29.
1341 3115 1369 3155 a.
1386 3127 1430 3138 ·-

337 3207 388 3268 30.
405 3205 435 3266 d.
467 3209 501 3268 in
521 3210 807 3290 'argumentatione
829 3213 908 3272 satis
930 3211 1059 3276 diducta
1082 3211 1162 3275 haee
1185 3212 1253 3275 fere
1276 3212 1429 3292 exponit:

335 3328 438 3385 totum
463 3323 556 3388 nobis
578 3325 720 3411 singulto
742 3329 828 3389 omni
852 3348 895 3389 ex
918 3336 1009 3408 parte
1030 3330 1204 3410 perfectius
1228 3351 1300 3393 esse
1323 3338 1355 3392 et
1376 3349 1429 3390 sa-

335 3443 495 3519 pientius3
519 3465 614 3524 quum
634 3465 711 3507 vero
729 3444 821 3509 nohis
834 3448 1013 3526 sapientius
1029 3446 1178 3529 quiddam
1194 3469 1270 3511 vere
1284 3450 1338 3526 sit,
1356 3445 1431 3510 hine

337 3558 409 3635 (nee
423 3561 508 3622 enim
524 3565 645 3644 eogitar
656 3564 768 3643 ‘iposse
782 3567 974 3645 sapientiam
989 3568 1060 3629 sine
1077 3571 1187 3629 natura
1200 3587 1232 3646 p.
1240 3568 1283 3628 30
1291 3587 1319 3627 e.
1330 3567 1431 3646 extr.)

405 3791 434 3860 ⁴)
452 3791 502 3844 Sed
520 3796 553 3846 of.
576 3797 897 3862 Bretachncid.1)ogrn.l.
924 3805 983 3854 edit.
1001 3802 1042 3854 IV.
1067 3818 1089 3867 p.
1108 3800 1170 3857 465.
1197 3801 1270 3861 „Do
1287 3805 1341 3854 wir
1358 3804 1430 3852 doen

335 3892 445 3941 pronoen
465 3878 539 3932 mett
563 3882 609 3935 der
633 3882 796 3949 Stofenfolpe
812 3885 932 3938 renliairt
949 3887 1025 3939 reden
1040 3887 1094 3938 arrd
1110 3903 1187 3939 zwnr
1203 3886 1252 3938 dmi
1267 3889 1430 3953 pericopam,

336 3978 366 4012 so
382 3992 417 4002 —
434 3966 471 4016 ist
488 3965 559 4018 mehr
577 3968 620 4019 nlo
637 3968 868 4031 wohrseheinlich,
890 3972 924 4039 jn
942 3988 969 4023 es
991 3974 1028 4023 ist
1045 3972 1187 4024 morolisch
1203 3974 1301 4038 pewirs
1319 3967 1430 4039 (212),
1515 3994 1517 4047 3

336 4046 399 4100 dnos
421 4049 486 4101 noch
511 4053 558 4105 der
580 4052 672 4121 tidripc
698 4054 771 4107 Tdcil
796 4057 942 4120 dersottren,
967 4088 1001 4096 -
1026 4057 1091 4109 crach
1113 4059 1174 4110 tiott
1190 4086 1225 4100 -
1243 4058 1365 4109 roolioirt
1383 4059 1430 4108 ist.
1515 4050 1517 4093 ἶ

336 4134 363 4182 ln
386 4149 456 4185 usum
482 4152 541 4188 vero
567 4148 640 4190 vocat
663 4148 833 4205 argumentum
858 4143 1063 4205 cosmologioum.
1108 4143 1146 4194 cf.
1173 4144 1247 4195 etiam
1270 4141 1430 4208 Wepscdeid.

336 4217 414 4267 instit.
434 4221 511 4272 theol.
533 4225 573 4275 od.
593 4225 656 4285 vlit.
676 4242 700 4291 p.
719 4226 780 4278 241.
798 4257 832 4266 -

1515 4218 1517 4263 Ι

1515 4272 1517 4303 r

388 4313 433 4383 **)
451 4319 611 4384 Programma
629 4327 659 4376 de
679 4328 808 4389 Cleanthe,
829 4328 966 4377 divinitatis
980 4336 1106 4379 assertore
1122 4337 1147 4379 et
1160 4332 1334 4396 praedicatore
1354 4329 1431 4381 1819.
1516 4326 1517 4337 ’

334 4401 361 4452 lt.
386 4403 489 4467 scripsit
508 4405 634 4471 Kanopias,
