3044 5376
510 483 757 548 ..9-

89 663 262 749 (Dogmal.
286 668 315 726 3.
339 661 430 742 chl.
452 664 481 738 l.
505 661 587 743 104.)
609 659 651 722 H.
673 660 709 722 F.
732 657 788 723 W.
812 656 989 721 Hrnmons.
1016 654 1087 740 (die
1109 657 1177 721 lle-

88 784 195 866 ligion
207 786 249 844 im
260 782 376 842 redden
392 777 595 843 Verldllrn're
606 799 666 842 aar
679 773 1177 856 Wirremcltefl1822.p.97¹').)

88 898 302 962 Fuuanssacn.
323 895 398 977 (dac
418 896 537 959 Weren
553 895 610 958 der
626 890 826 959 Christenlll.
843 899 873 957 2.
889 893 994 978 Anrg.
1013 916 1042 973 p.
1060 891 1178 970 13⁵³),l

86 1022 137 1080 ita
158 1018 258 1099 igitur
280 1015 308 1077 si
331 1015 403 1091 quis
425 1012 463 1075 ad
478 1012 681 1092 'pantheismi
704 1016 861 1076 rationem
884 1012 1037 1075 mundum
1057 1011 1178 1074 consti-

85 1133 240 1197 tuendum
265 1129 456 1202 arbitratum
492 1129 585 1193 deum
616 1152 684 1194 esre
713 1134 833 1210 pariter
855 1133 891 1194 in
911 1127 1082 1211 propatulo
1104 1128 1178 1205 erit,

89 1259 183 1329 etque
207 1247 433 1311 Cartesiunum
457 1246 554 1311 illud:
579 1251 715 1331 „cogito
734 1270 810 1333 ergo
833 1252 932 1312 sum“
951 1246 1049 1331 (quod
1064 1244 1179 1309 Heca·

90 1387 169 1430 urus
200 1363 331 1448 Encycl.
362 1368 389 1442 ξ.
414 1369 466 1429 76.
496 1384 611 1427 revera
641 1366 675 1426 iu
704 1385 796 1427 usum
827 1385 919 1427 suum
942 1367 1114 1443 convertit)
1148 1372 1180 1426 et

92 1483 231 1547 Flcrrru
263 1484 440 1559 sententia,
472 1503 533 1561 qua
561 1481 639 1544 deus
668 1479 749 1543 nihil
773 1479 860 1544 aliud
883 1489 933 1544 est
954 1502 1047 1561 quam
1070 1480 1182 1543 mundi

93 1599 172 1662 ordo
187 1598 320 1663 moralis
340 1599 557 1682 (Anwer’rung
570 1618 641 1660 anm
654 1599 782 1681 religer
796 1596 909 1663 Leden
934 1603 1026 1661 1806.
1049 1621 1081 1678 p.
1099 1603 1181 1669 2853
1234 1623 1237 1629 ¹

92 1762 114 1795 ,‚
129 1715 253 1779 Umere
275 1714 380 1778 Liede
408 1736 449 1778 zu
476 1714 557 1778 (ἴση
585 1722 628 1778 det
658 1721 750 1779 eer‘ne
778 1722 897 1801 eigene
918 1714 1024 1780 Liede
1052 1736 1094 1778 aa
1116 1714 1181 1779 t‘lm

92 1831 246 1913 celder“).
277 1830 459 1896 istiusmodi
474 1855 552 1896 sane
564 1831 748 1913 philosophi
762 1838 850 1896 omni
865 1854 923 1912 pro
937 1833 989 1895 dei
1006 1835 1183 1897 existentia

92 1952 368 2033 argumentatione
385 1949 594 2028 supersedere
610 1958 771 2031 poterunt.
814 1949 914 2012 Amor
931 1947 1070 2012 hominis
1088 1950 1184 2012 deum

96 2065 175 2129 lacit
202 2064 366 2129 hominem
398 2074 430 2128 et
459 2064 622 2130 homiuem
654 2067 749 2132 deum
772 2066 931 2151 (Faunae.
955 2064 978 2129 l.
1001 2089 1029 2130 c.
1053 2089 1083 2147 p.
1105 2066 1184 2148 71.).

16 2212 21 2217 ·
94 2181 219 2246 Verum
243 2185 407 2265 enimvero
423 2185 491 2247 ‘iste
514 2183 621 2247 nullus
644 2196 693 2248 est
715 2185 803 2249 deus.
852 2184 924 2262 Hac
947 2184 1090 2247 admissa
1110 2205 1185 2246 sen-

22 2291 27 2297 ’
95 2303 198 2363 tentia
219 2300 416 2365 revolvimur
438 2302 477 2364 ad
498 2305 721 2366 necessitatem
737 2301 828 2367 illam
845 2301 1038 2366 Graecorum
1055 2323 1185 2365 caecam

97 2426 130 2479 et
160 2421 376 2482 conscientiae
404 2427 591 2500 expertem,
620 2419 803 2506 εἱμαρμένην
833 2442 857 2483 s.
887 2417 1077 2503 πεπορμένην
1101 2418 1208 2496 dico,.

99 2556 162 2614 qua
182 2535 278 2616 deos,
302 2558 380 2617 qnos
403 2534 610 2617 effinxerunt,
634 2542 698 2620 ipsi
721 2539 891 2604 sustulisse
910 2536 1080 2622 judicandi
1102 2545 1186 2599 sunt.

97 2650 132 2715 ln
155 2661 322 2718 aeternum
344 2657 429 2718 eninr
453 2653 613 2720 evolvitur
634 2661 826 2740 principium
848 2656 929 2723 illud
952 2650 1115 2720 summunt
1131 2675 1188 2735 per

97 2792 251 2850 personas
267 2772 393 2852 quidem
412 2773 468 2835 sed
486 2773 525 2835 ad
544 2783 662 2839 statum
680 2774 980 2857 impersonalitatis,
1003 2794 1101 2855 quum
1114 2792 1187 2852 per-

97 2911 197 2953 sonae
220 2888 368 2951 condicio
391 2892 443 2965 iis,
466 2893 618 2970 quiquid
641 2897 685 2956 sit
704 2913 852 2973 persona,
875 2892 1032 2966 nesciant,
1056 2896 1190 2950 naturae

100 3003 269 3069 absolutae
292 3006 545 3084 circumscriptio
570 3029 641 3071 esse
664 2992 820 3073 videatur.
864 3005 1035 3084 hanchis,
1057 3005 1110 3067 dei
1128 3007 1191 3066 sci-

100 3120 178 3186 licet
199 3118 429 3201 portiunculis,
461 3120 551 3185 nulla
571 3122 765 3204 relinquitur
785 3125 836 3188 dei
860 3108 1044 3202 veneratio,
1075 3123 1191 3203 q'uippe

99 3243 152 3321 qui
175 3247 232 3303 aut
254 3241 287 3301 in
312 3239 404 3302 nobis
426 3262 464 3302 ac
485 3240 706 3307 consimilibus
729 3245 852 3307 naturis
874 3243 937 3307 sibi
959 3243 1108 3305 conscius
1122 3236 1192 3315 fiat,

101 3560 148 3596 sen
169 3545 287 3594 seioer
311 3541 396 3593 selber
414 3544 442 3592 in
459 3549 549 3594 nne.“
583 3546 716 3613 Nuncupat
741 3564 802 3598 vero
827 3554 997 3610 argumentum
1023 3544 1089 3594 istud
1114 3541 1194 3609 (haud

101 3632 179 3682 facilc
199 3630 293 3681 dixeris
314 3643 362 3693 quo
377 3626 451 3697 jure)
469 3627 647 3696 tdeoloplcnm.
664 3662 698 3670 —
715 3631 776 3683 ltem
790 3631 900 3683 Strauss.
920 3633 945 3682 in
961 3632 1076 3693 Dogmat.
1096 3637 1154 3679 tom.
1172 3629 1192 3680 l.
1217 3640 1222 3647 “

80 3777 84 3782 ,
103 3733 127 3782 p.
147 3717 209 3770 389.

172 3814 201 3886 *l
220 3816 318 3880 „ch‘l
335 3816 380 3866 der
398 3814 505 3882 Repriff
518 3831 567 3867 corr
586 3817 647 3868 Gott
665 3820 716 3883 ist,
735 3821 771 3869 ist
790 3818 866 3869 Gott:
887 3833 916 3870 er
933 3818 975 3868 ols
993 3815 1099 3883 Repriff
1110 3816 1197 3866 seiner

104 3905 141 3954 ist
156 3904 212 3954 sein
228 3903 362 3957 Dasein.“
398 3901 549 3967 Quamquam
568 3902 688 3966 Hcgclius
708 3902 762 3970 ipsc
780 3903 881 3969 saepius
901 3902 936 3970 (v.-
949 3919 972 3953 c.
988 3900 1137 3952 Gescliclrte
1150 3901 1198 3951 der

104 3987 206 4040 Philus.
223 3988 267 4039 lll.
287 4004 312 4054 p.
326 3984 386 4053 46.)
405 3993 497 4048 monet,
517 3986 557 4035 dci
576 3989 734 4051 existentiam
754 4005 812 4039 csse
832 3990 931 4054 quidem
947 3987 1004 4050 ejus
1021 3987 1197 4049 cogitationem

106 4075 131 4124 iu
150 4073 222 4122 nohis
242 4073 389 4133 excitatam,
410 4087 496 4123 verum
514 4072 673 4123 existentiam
691 4072 749 4136 ejus
767 4074 865 4135 realem
887 4074 1028 4123 universam
1048 4086 1106 4121 csse
1125 4078 1197 4120 natu-

106 4171 175 4218 ram,
197 4155 270 4218 cujus
289 4160 485 4216 „momentum“
505 4157 627 4222 quoddam
647 4159 681 4209 sit
699 4166 801 4220 natura,
824 4174 887 4224 quae
906 4159 1014 4221 cogitet,
1036 4158 1144 4220 singula.

160 4254 206 4324 **)
223 4273 248 4322 p.
267 4260 311 4308 71.
336 4257 414 4317 „Die
430 4256 558 4308 malelel
577 4259 638 4311 Gott
660 4260 746 4312 selber
767 4260 822 4310 nod
846 4274 940 4310 nosset·
960 4258 1003 4310 ilrr
1023 4259 1080 4311 dein
1098 4260 1200 4312 Gott.“

108 4362 131 4411 p.
150 4348 176 4394 2.
195 4342 269 4406 „Die
286 4343 407 4408 Relipion
424 4372 457 4384 -
478 4344 514 4393 ist
532 4342 581 4394 dos
593 4345 771 4397 Bewnsstscin
789 4345 834 4396 des
851 4343 987 4396 Marsclren
1008 4362 1056 4404 nore
1074 4349 1200 4397 crinem

108 4427 276 4481 mwodliclleo
297 4427 425 4482 Wesom‘
