3044 5376
521 453 770 518 ..25-

11 656 16 701 5
44 602 46 605 ¹
100 631 169 692 nati
191 629 308 700 simus3
339 630 484 691 maxima
507 626 586 691 haec
612 625 696 690 solet
718 647 790 690 esse
813 647 942 707 eorum,
972 629 1027 707 qui
1049 626 1115 712 legi
1137 632 1193 693 isti

101 748 243 810 maxime
266 746 467 809 satisfaciant
499 754 532 810 et
561 748 666 809 omnis
698 748 830 808 omnino
852 747 1007 826 societas,
1037 748 1107 809 sine
1131 768 1193 826 qua

100 864 197 927 horno
220 884 261 926 ne
282 872 331 927 est
352 864 480 947 quidem
504 862 611 941 houm,
634 870 762 925 corruat
780 882 913 925 necesse
935 871 995 943 est,
1018 862 1074 927 ubi
1092 863 1192 947 lruJ‘us

100 980 183 1065 legis
205 987 241 1045 ut
264 977 421 1052 naturalis
444 980 567 1064 agnitio
592 979 800 1042 detrectatur.
842 977 917 1042 Non
938 989 986 1045 est
1001 979 1099 1063 hujus
1115 978 1192 1060 loci,

98 1105 136 1162 ut
159 1095 285 1182 singula
306 1094 437 1160 uberius
459 1115 705 1176 persequamur3
730 1105 780 1160 est
801 1094 881 1159 haec
900 1105 1034 1162 naturae
1055 1097 1133 1175 lex,
1157 1104 1193 1171 ut

100 1214 184 1279 alter
206 1212 343 1277 alterum
360 1212 528 1294 praestet,
561 1234 599 1275 ac
621 1212 723 1276 multa
746 1216 778 1275 in
801 1210 967 1277 hominum
990 1213 1043 1278 vel
1061 1217 1192 1298 ignoto-

99 1355 172 1397 rum
189 1333 326 1415 gratiam
343 1328 503 1392 exantlet.
547 1329 633 1405 Quid
656 1338 764 1394 autem
788 1330 892 1394 dicam
916 1330 956 1394 de
978 1329 1090 1410 malis,
1113 1353 1194 1411 quaa

100 1449 237 1512 aliorum
261 1448 331 1509 vice
357 1450 489 1509 naturae
512 1450 706 1511 necessitate
727 1458 802 1513 sunt
825 1447 1050 1530 suscipiendal
1078 1446 1202 1513 Nonne'

99 1565 211 1646 ampla
241 1562 300 1627 illa
332 1561 371 1625 de
401 1571 534 1642 peccato
566 1564 762 1628 hereditario
792 1566 939 1630 doctrina
967 1564 1029 1628 lmo
1059 1574 1194 1645 spectat,

106 1704 187 1764 quae
210 1683 422 1744 etiamsinon
445 1679 594 1745 horribili
614 1685 741 1746 ratione
765 1706 814 1763 ea,
836 1705 897 1764 qua
911 1681 1111 1767 Augustinus
1124 1705 1193 1747 rern

101 1801 271 1879 exposuit,
295 1805 401 1878 potest
423 1798 518 1871 ferri3
549 1796 656 1863 tamen
679 1804 713 1864 in
736 1802 896 1881 frequenti
919 1822 957 1862 ao
979 1802 1071 1882 gravi
1091 1799 1195 1863 malo

98 1938 176 1985 rum<
194 1925 227 1980 et
247 1913 454 1997 physicorum
479 1924 511 1978 et
532 1902 702 1981 moralium
720 1918 950 2000 propagatione
966 1936 1196 1996 saepenumero

105 2033 287 2098 inevitabili
310 2031 472 2096 cerniturl
513 2031 604 2103 Idem
628 2033 727 2098 facile
749 2043 798 2099 est
815 2033 856 2096 ad
874 2033 1195 2098 animadvertendum

101 2155 137 2215 in
167 2152 274 2214 media
303 2153 374 2230 ipsa
404 2152 472 2213 vita
503 2156 599 2230 atque
628 2151 688 2217 hac
719 2174 844 2234 quoque
866 2173 911 2216 ex
934 2158 1025 2231 parte
1048 2149 1196 2215 homines

104 2269 185 2331 adeo
209 2272 295 2333 inter
317 2290 351 2331 se
374 2271 440 2349 apti
463 2266 536 2331 sunt
559 2277 592 2349 et
613 2276 766 2349 connexi,
785 2277 822 2333 ut
842 2290 904 2350 quo
928 2270 998 2348 quis
1020 2272 1198 2349 promptior

102 2395 152 2450 est
174 2387 215 2450 ad
238 2408 335 2449 onera
359 2407 413 2466 pro
436 2384 513 2448 aliis
534 2389 755 2468 suscipienda,
779 2409 817 2452 eo
840 2386 958 2449 laetius
980 2387 1089 2469 vigeat
1111 2407 1197 2449 conr·

101 2506 212 2568 munio
235 2524 337 2585 eoque
359 2504 483 2567 beatior
503 2505 571 2582 ipse
595 2506 638 2568 sit
659 2500 785 2569 futurus
801 2513 834 2569 et
847 2506 948 2584 inepti
966 2523 1096 2582 prorsus
1111 2506 1198 2569 esset

101 2621 261 2702 hominis,
291 2625 318 2685 si
348 2624 417 2703 quis
447 2620 522 2685 huie
552 2620 693 2686 naturali
724 2625 908 2687 necessitati
931 2641 1002 2684 seso
1025 2620 1121 2700 plane
1145 2620 1196 2685 vel

105 2736 259 2824 magnam
277 2751 400 2820 partem
423 2738 610 2804 subtrahere
638 2743 671 2805 in
694 2751 834 2806 mentem
857 2738 1084 2809 introduceret.
1129 2735 1196 2803 Ne·
1244 2782 1247 2785 -

102 2880 167 2937 que
187 2858 319 2918 omnino
343 2853 473 2935 sperare
495 2855 572 2919 licet
594 2858 682 2944 lore,
705 2866 741 2921 ut
762 2860 833 2938 quis
854 2863 1037 2919 naturarum
1052 2856 1198 2916 vivarum

105 2970 191 3034 inter
214 2991 249 3033 se
271 2972 429 3057 rationem
452 2978 487 3034 et'
507 2980 641 3035 naturae
664 2973 809 3036 ordinem
829 2970 918 3034 clara
932 2970 1002 3033 luce
1019 2968 1199 3049 perfundat,

102 3091 169 3152 nisi
199 3087 282 3152 hano
315 3091 417 3153 mutui
448 3089 567 3151 amoris
596 3062 865 3154 necessitudinem
889 3095 1043 3173 agnoscat
1065 3096 1198 3154 naturae

102 3206 220 3292 legem.
297 3210 301 3217 '

415 3410 906 3494 Repugnasset

190 3559 238 3622 Ea
254 3565 304 3623 est
318 3565 451 3623 naturae
467 3559 592 3623 indoles
607 3568 702 3641 atque
718 3561 814 3640 ordo,
832 3572 868 3624 ut
890 3561 919 3622 si
940 3561 1014 3643 ejus
1028 3556 1087 3622 lex
1101 3579 1201 3638 quae-

105 3681 180 3743 dam
197 3677 290 3742 firme
311 3680 486 3743 constituta
507 3677 565 3741 alii
587 3676 653 3762 legi
673 3687 840 3763 repugnet,
863 3683 886 3742 i.
901 3700 930 3742 e.
945 3676 1050 3743 altera
1063 3676 1200 3741 alteram

105 3796 220 3871 tollat3
245 3805 332 3860 certo
346 3796 439 3859 nobis
455 3817 644 3876 persuasum
664 3818 736 3860 esse
753 3796 879 3875 debeat,
900 3815 1044 3859 errorem
1060 3792 1200 3873 aliquem

104 3915 240 3980 subesse
261 3922 294 3979 et
324 3920 380 3979 aut
402 3913 589 3979 alterutram
618 3912 725 3999 legem
755 3935 825 3977 esse
853 3911 1031 3977 tollendam
1060 3915 1117 3972 eut
1145 3907 1201 3973 ubi

105 4031 169 4095 hoe
190 4030 264 4097 fieri
285 4033 415 4112 aequit,
439 4031 551 4094 eadem
575 4053 637 4112 qua
653 4030 758 4116 legem
778 4033 880 4111 ipsam
896 4029 1088 4091 necessitate
1102 4046 1202 4110 agno·

108 4151 274 4214 scendunt
287 4168 359 4212 esse
379 4149 433 4229 id,
456 4148 539 4229 quod
560 4150 805 4234 repugnantiam
827 4146 920 4211 illam
942 4148 1118 4209 removeat·
1186 4184 1189 4190 ·

178 4266 373 4345 ¹Videamus
401 4259 520 4350 igitur,
559 4267 662 4348 qualis
692 4269 735 4330 sit
764 4263 822 4328 illa
850 4262 927 4344 lex,
963 4282 1058 4343 quam
1089 4268 1203 4327 natura
1237 4339 1238 4342 Ἴ

112 4384 297 4467 postulante
334 4383 431 4448 modo
472 4386 708 4448 constituimus.
736 4386 739 4391 '
771 4381 919 4447 Postulat
955 4381 1035 4447 ordo
1070 4387 1216 4446 naturae-
