<?xml version="1.0" encoding="UTF-8"?>
<!DOCTYPE html PUBLIC "-//W3C//DTD XHTML 1.0 Transitional//EN"
    "http://www.w3.org/TR/xhtml1/DTD/xhtml1-transitional.dtd">
<html xmlns="http://www.w3.org/1999/xhtml" xml:lang="en" lang="en">
 <head>
  <title>
</title>
<meta http-equiv="Content-Type" content="text/html;charset=utf-8" />
  <meta name='ocr-system' content='tesseract 3.04.00' />
  <meta name='ocr-capabilities' content='ocr_page ocr_carea ocr_par ocr_line ocrx_word'/>
</head>
<body>
  <div class='ocr_page' id='page_1' title='image "argumentaprodei00fricgoog_0021.png"; bbox 0 0 3044 5376; ppageno 0'>
   <div class='ocr_carea' id='block_1_1' title="bbox 758 491 1007 553">
    <p class='ocr_par' dir='ltr' id='par_1_1' title="bbox 758 491 1007 553">
     <span class='ocr_line' id='line_1_1' title="bbox 758 491 1007 553; baseline -0.028 -13"><span class='ocrx_word' id='word_1_1' title='bbox 758 491 1007 553; x_wconf 78' lang='lat'>...10...</span> 
     </span>
    </p>
   </div>
   <div class='ocr_carea' id='block_1_2' title="bbox 257 664 1500 2743">
    <p class='ocr_par' dir='ltr' id='par_1_2' title="bbox 257 664 1500 2743">
     <span class='ocr_line' id='line_1_2' title="bbox 337 664 1436 750; baseline 0 -20"><span class='ocrx_word' id='word_1_2' title='bbox 337 675 393 730; x_wconf 91' lang='lat' dir='ltr'>aut</span> <span class='ocrx_word' id='word_1_3' title='bbox 414 667 590 739; x_wconf 72' lang='lat' dir='ltr'>inanimam</span> <span class='ocrx_word' id='word_1_4' title='bbox 613 673 734 744; x_wconf 88' lang='lat' dir='ltr'>partem</span> <span class='ocrx_word' id='word_1_5' title='bbox 758 664 821 728; x_wconf 85' lang='lat' dir='ltr'>sibi</span> <span class='ocrx_word' id='word_1_6' title='bbox 849 685 913 727; x_wconf 91' lang='lat' dir='ltr'>non</span> <span class='ocrx_word' id='word_1_7' title='bbox 944 669 987 728; x_wconf 87' lang='lat' dir='ltr'>sit</span> <span class='ocrx_word' id='word_1_8' title='bbox 1007 668 1171 728; x_wconf 87' lang='lat' dir='ltr'>conscius:</span> <span class='ocrx_word' id='word_1_9' title='bbox 1200 670 1305 730; x_wconf 87' lang='lat' dir='ltr'>omnis</span> <span class='ocrx_word' id='word_1_10' title='bbox 1335 670 1436 750; x_wconf 79' lang='lat' dir='ltr'>igitur</span> 
     </span>
     <span class='ocr_line' id='line_1_3' title="bbox 336 758 1438 870; baseline 0.002 -25"><span class='ocrx_word' id='word_1_11' title='bbox 336 765 463 846; x_wconf 83' lang='lat' dir='ltr'>tollitur¹</span> <span class='ocrx_word' id='word_1_12' title='bbox 484 780 620 870; x_wconf 59' lang='lat' dir='ltr'>religios</span> <span class='ocrx_word' id='word_1_13' title='bbox 642 802 701 843; x_wconf 92' lang='lat' dir='ltr'>nec</span> <span class='ocrx_word' id='word_1_14' title='bbox 723 784 811 866; x_wconf 75' lang='lat' dir='ltr'>enim¹</span> <span class='ocrx_word' id='word_1_15' title='bbox 830 781 888 846; x_wconf 90' lang='lat' dir='ltr'>ubi</span> <span class='ocrx_word' id='word_1_16' title='bbox 908 758 981 864; x_wconf 20' lang='lat' dir='ltr'>&#39;quis</span> <span class='ocrx_word' id='word_1_17' title='bbox 1003 783 1055 844; x_wconf 85' lang='lat' dir='ltr'>sui</span> <span class='ocrx_word' id='word_1_18' title='bbox 1077 786 1311 847; x_wconf 86' lang='lat' dir='ltr'>conscientiam</span> <span class='ocrx_word' id='word_1_19' title='bbox 1335 782 1438 855; x_wconf 80' lang='lat' dir='ltr'>babet</span> 
     </span>
     <span class='ocr_line' id='line_1_4' title="bbox 332 898 1434 991; baseline 0.002 -29"><span class='ocrx_word' id='word_1_20' title='bbox 332 898 554 991; x_wconf 80' lang='lat' dir='ltr'>explicatam,</span> <span class='ocrx_word' id='word_1_21' title='bbox 575 899 681 962; x_wconf 91' lang='lat' dir='ltr'>ideam</span> <span class='ocrx_word' id='word_1_22' title='bbox 704 898 974 978; x_wconf 75' lang='lat' dir='ltr'>impersonalem,</span> <span class='ocrx_word' id='word_1_23' title='bbox 998 920 1080 978; x_wconf 88' lang='lat' dir='ltr'>quae</span> <span class='ocrx_word' id='word_1_24' title='bbox 1096 902 1202 980; x_wconf 87' lang='lat' dir='ltr'>ipsum</span> <span class='ocrx_word' id='word_1_25' title='bbox 1220 906 1260 963; x_wconf 82' lang='lat' dir='ltr'>n&#39;e</span> <span class='ocrx_word' id='word_1_26' title='bbox 1276 904 1434 981; x_wconf 86' lang='lat' dir='ltr'>percipiat</span> 
     </span>
     <span class='ocr_line' id='line_1_5' title="bbox 338 1002 1432 1109; baseline 0.001 -29"><span class='ocrx_word' id='word_1_27' title='bbox 338 1017 486 1109; x_wconf 85' lang='lat' dir='ltr'>quidem,</span> <span class='ocrx_word' id='word_1_28' title='bbox 515 1015 685 1100; x_wconf 79' lang='lat' dir='ltr'>religionis</span> <span class='ocrx_word' id='word_1_29' title='bbox 715 1002 811 1079; x_wconf 82' lang='lat' dir='ltr'>seusu</span> <span class='ocrx_word' id='word_1_30' title='bbox 841 1024 948 1096; x_wconf 86' lang='lat' dir='ltr'>potest</span> <span class='ocrx_word' id='word_1_31' title='bbox 974 1012 1135 1097; x_wconf 82' lang='lat' dir='ltr'>prosequi.</span> <span class='ocrx_word' id='word_1_32' title='bbox 1188 1016 1298 1082; x_wconf 86' lang='lat' dir='ltr'>Seruet</span> <span class='ocrx_word' id='word_1_33' title='bbox 1326 1022 1432 1098; x_wconf 83' lang='lat' dir='ltr'>ipsum</span> 
     </span>
     <span class='ocr_line' id='line_1_6' title="bbox 319 1133 1432 1217; baseline 0 -19"><span class='ocrx_word' id='word_1_34' title='bbox 319 1145 511 1206; x_wconf 71' lang='lat' dir='ltr'>vveneretur</span> <span class='ocrx_word' id='word_1_35' title='bbox 539 1154 671 1199; x_wconf 86' lang='lat' dir='ltr'>neccsse</span> <span class='ocrx_word' id='word_1_36' title='bbox 702 1142 752 1197; x_wconf 89' lang='lat' dir='ltr'>est</span> <span class='ocrx_word' id='word_1_37' title='bbox 780 1136 826 1213; x_wconf 82' lang='lat' dir='ltr'>is,</span> <span class='ocrx_word' id='word_1_38' title='bbox 859 1136 893 1196; x_wconf 92' lang='lat' dir='ltr'>in</span> <span class='ocrx_word' id='word_1_39' title='bbox 923 1155 984 1217; x_wconf 89' lang='lat' dir='ltr'>quc</span> <span class='ocrx_word' id='word_1_40' title='bbox 1009 1154 1167 1214; x_wconf 86' lang='lat' dir='ltr'>expressa</span> <span class='ocrx_word' id='word_1_41' title='bbox 1189 1146 1239 1198; x_wconf 90' lang='lat' dir='ltr'>est</span> <span class='ocrx_word' id='word_1_42' title='bbox 1259 1136 1333 1198; x_wconf 92' lang='lat' dir='ltr'>idea</span> <span class='ocrx_word' id='word_1_43' title='bbox 1354 1133 1432 1198; x_wconf 86' lang='lat' dir='ltr'>illa:</span> 
     </span>
     <span class='ocr_line' id='line_1_7' title="bbox 335 1242 1429 1335; baseline 0 -20"><span class='ocrx_word' id='word_1_44' title='bbox 335 1255 357 1316; x_wconf 91' lang='lat' dir='ltr'>i.</span> <span class='ocrx_word' id='word_1_45' title='bbox 379 1275 406 1316; x_wconf 82' lang='lat' dir='ltr'>e.</span> <span class='ocrx_word' id='word_1_46' title='bbox 428 1260 465 1316; x_wconf 89' lang='lat' dir='ltr'>ut</span> <span class='ocrx_word' id='word_1_47' title='bbox 477 1242 638 1327; x_wconf 63' lang='lat' dir='ltr'>aiud-‘icor</span> <span class='ocrx_word' id='word_1_48' title='bbox 656 1250 826 1335; x_wconf 80' lang='lat' dir='ltr'>religionis</span> <span class='ocrx_word' id='word_1_49' title='bbox 846 1259 897 1315; x_wconf 90' lang='lat' dir='ltr'>est</span> <span class='ocrx_word' id='word_1_50' title='bbox 913 1264 1042 1330; x_wconf 82' lang='lat' dir='ltr'>expers.</span> <span class='ocrx_word' id='word_1_51' title='bbox 1084 1251 1158 1315; x_wconf 89' lang='lat' dir='ltr'>Jam</span> <span class='ocrx_word' id='word_1_52' title='bbox 1175 1274 1240 1314; x_wconf 92' lang='lat' dir='ltr'>non</span> <span class='ocrx_word' id='word_1_53' title='bbox 1259 1260 1309 1316; x_wconf 88' lang='lat' dir='ltr'>est</span> <span class='ocrx_word' id='word_1_54' title='bbox 1325 1252 1429 1315; x_wconf 87' lang='lat' dir='ltr'>horni-</span> 
     </span>
     <span class='ocr_line' id='line_1_8' title="bbox 287 1368 1430 1453; baseline -0.001 -20"><span class='ocrx_word' id='word_1_55' title='bbox 287 1378 296 1451; x_wconf 78' lang='lat' dir='ltr'><em>j</em></span> <span class='ocrx_word' id='word_1_56' title='bbox 336 1373 385 1433; x_wconf 91' lang='lat' dir='ltr'>nis</span> <span class='ocrx_word' id='word_1_57' title='bbox 406 1371 630 1453; x_wconf 88' lang='lat' dir='ltr'>praejudicata</span> <span class='ocrx_word' id='word_1_58' title='bbox 649 1373 801 1451; x_wconf 89' lang='lat' dir='ltr'>opinione</span> <span class='ocrx_word' id='word_1_59' title='bbox 817 1391 880 1433; x_wconf 92' lang='lat' dir='ltr'>non</span> <span class='ocrx_word' id='word_1_60' title='bbox 898 1370 1031 1449; x_wconf 87' lang='lat' dir='ltr'><strong>imbuti,</strong></span> <span class='ocrx_word' id='word_1_61' title='bbox 1053 1368 1154 1433; x_wconf 86' lang='lat' dir='ltr'>ullam</span> <span class='ocrx_word' id='word_1_62' title='bbox 1174 1372 1430 1433; x_wconf 87' lang='lat' dir='ltr'>sententiam-ita</span> 
     </span>
     <span class='ocr_line' id='line_1_9' title="bbox 308 1472 1429 1570; baseline 0.002 -22"><span class='ocrx_word' id='word_1_63' title='bbox 308 1500 311 1506; x_wconf 79' lang='grc'><strong>’</strong></span> <span class='ocrx_word' id='word_1_64' title='bbox 338 1486 482 1564; x_wconf 88' lang='lat' dir='ltr'>horrere,</span> <span class='ocrx_word' id='word_1_65' title='bbox 505 1495 543 1550; x_wconf 89' lang='lat' dir='ltr'>ut</span> <span class='ocrx_word' id='word_1_66' title='bbox 564 1510 660 1551; x_wconf 85' lang='lat' dir='ltr'>causa</span> <span class='ocrx_word' id='word_1_67' title='bbox 677 1489 802 1562; x_wconf 75' lang='lat' dir='ltr'>&#39;indicta</span> <span class='ocrx_word' id='word_1_68' title='bbox 825 1509 894 1550; x_wconf 90' lang='lat' dir='ltr'>enm</span> <span class='ocrx_word' id='word_1_69' title='bbox 910 1472 1056 1570; x_wconf 83' lang='lat' dir='ltr'>abjiciat.</span> <span class='ocrx_word' id='word_1_70' title='bbox 1101 1485 1231 1550; x_wconf 84' lang='lat' dir='ltr'>Atenirn</span> <span class='ocrx_word' id='word_1_71' title='bbox 1250 1491 1312 1552; x_wconf 89' lang='lat' dir='ltr'>etsi</span> <span class='ocrx_word' id='word_1_72' title='bbox 1327 1496 1429 1552; x_wconf 86' lang='lat' dir='ltr'>totum</span> 
     </span>
     <span class='ocr_line' id='line_1_10' title="bbox 335 1602 1427 1685; baseline 0.002 -20"><span class='ocrx_word' id='word_1_73' title='bbox 335 1602 418 1667; x_wconf 90' lang='lat' dir='ltr'>hanc</span> <span class='ocrx_word' id='word_1_74' title='bbox 437 1625 506 1666; x_wconf 81' lang='lat' dir='ltr'>reni</span> <span class='ocrx_word' id='word_1_75' title='bbox 527 1608 589 1667; x_wconf 90' lang='lat' dir='ltr'>isto</span> <span class='ocrx_word' id='word_1_76' title='bbox 613 1605 740 1684; x_wconf 90' lang='lat' dir='ltr'>quidem</span> <span class='ocrx_word' id='word_1_77' title='bbox 762 1604 835 1674; x_wconf 90' lang='lat' dir='ltr'>loco</span> <span class='ocrx_word' id='word_1_78' title='bbox 859 1626 922 1668; x_wconf 90' lang='lat' dir='ltr'>non</span> <span class='ocrx_word' id='word_1_79' title='bbox 945 1627 1077 1685; x_wconf 84' lang='lat' dir='ltr'>possum</span> <span class='ocrx_word' id='word_1_80' title='bbox 1107 1608 1170 1668; x_wconf 91' lang='lat' dir='ltr'>nisi</span> <span class='ocrx_word' id='word_1_81' title='bbox 1199 1613 1360 1684; x_wconf 86' lang='lat' dir='ltr'>tamquam</span> <span class='ocrx_word' id='word_1_82' title='bbox 1393 1608 1427 1667; x_wconf 91' lang='lat' dir='ltr'>in</span> 
     </span>
     <span class='ocr_line' id='line_1_11' title="bbox 336 1722 1425 1807; baseline -0.002 -23"><span class='ocrx_word' id='word_1_83' title='bbox 336 1722 568 1807; x_wconf 74' lang='lat' dir='ltr'>praeiereundo</span> <span class='ocrx_word' id='word_1_84' title='bbox 591 1726 766 1806; x_wconf 83' lang='lat' dir='ltr'>attingere:</span> <span class='ocrx_word' id='word_1_85' title='bbox 797 1733 903 1785; x_wconf 89' lang='lat' dir='ltr'>tamen</span> <span class='ocrx_word' id='word_1_86' title='bbox 934 1724 1017 1803; x_wconf 89' lang='lat' dir='ltr'>quod</span> <span class='ocrx_word' id='word_1_87' title='bbox 1043 1743 1153 1784; x_wconf 90' lang='lat' dir='ltr'>omnes</span> <span class='ocrx_word' id='word_1_88' title='bbox 1175 1742 1243 1797; x_wconf 87' lang='lat' dir='ltr'>res,</span> <span class='ocrx_word' id='word_1_89' title='bbox 1273 1723 1306 1783; x_wconf 91' lang='lat' dir='ltr'>in</span> <span class='ocrx_word' id='word_1_90' title='bbox 1330 1743 1425 1800; x_wconf 86' lang='lat' dir='ltr'>quas-</span> 
     </span>
     <span class='ocr_line' id='line_1_12' title="bbox 257 1821 1425 1925; baseline -0.005 -23"><span class='ocrx_word' id='word_1_91' title='bbox 257 1821 260 1826; x_wconf 30' lang='lat'><em>*</em></span> <span class='ocrx_word' id='word_1_92' title='bbox 295 1918 297 1923; x_wconf 71' lang='lat'>‚</span> <span class='ocrx_word' id='word_1_93' title='bbox 335 1832 669 1920; x_wconf 44' lang='lat' dir='ltr'>cunque&#39;incidiruus,</span> <span class='ocrx_word' id='word_1_94' title='bbox 692 1840 905 1925; x_wconf 76' lang='lat' dir='ltr'>expertibus</span> <span class='ocrx_word' id='word_1_95' title='bbox 923 1843 1119 1920; x_wconf 86' lang='lat' dir='ltr'>compositae</span> <span class='ocrx_word' id='word_1_96' title='bbox 1134 1860 1205 1901; x_wconf 90' lang='lat' dir='ltr'>esse</span> <span class='ocrx_word' id='word_1_97' title='bbox 1221 1838 1425 1917; x_wconf 88' lang='lat' dir='ltr'>reperiuntur</span> 
     </span>
     <span class='ocr_line' id='line_1_13' title="bbox 331 1947 1427 2041; baseline -0.006 -22"><span class='ocrx_word' id='word_1_98' title='bbox 331 1955 620 2041; x_wconf 78' lang='lat' dir='ltr'>innumerabilibus</span> <span class='ocrx_word' id='word_1_99' title='bbox 647 1962 750 2041; x_wconf 88' lang='lat' dir='ltr'>iisque</span> <span class='ocrx_word' id='word_1_100' title='bbox 783 1957 881 2021; x_wconf 82' lang='lat' dir='ltr'>facile</span> <span class='ocrx_word' id='word_1_101' title='bbox 911 1961 1085 2039; x_wconf 84' lang='lat' dir='ltr'>separatis,</span> <span class='ocrx_word' id='word_1_102' title='bbox 1113 1956 1259 2037; x_wconf 88' lang='lat' dir='ltr'>quodque</span> <span class='ocrx_word' id='word_1_103' title='bbox 1290 1947 1427 2018; x_wconf 86' lang='lat' dir='ltr'>unitatis</span> 
     </span>
     <span class='ocr_line' id='line_1_14' title="bbox 334 2067 1426 2155; baseline -0.007 -20"><span class='ocrx_word' id='word_1_104' title='bbox 334 2073 521 2136; x_wconf 81' lang='lat' dir='ltr'>individuae</span> <span class='ocrx_word' id='word_1_105' title='bbox 536 2095 563 2135; x_wconf 89' lang='lat' dir='ltr'>s.</span> <span class='ocrx_word' id='word_1_106' title='bbox 578 2096 733 2151; x_wconf 86' lang='lat' dir='ltr'>personae</span> <span class='ocrx_word' id='word_1_107' title='bbox 751 2077 962 2153; x_wconf 76' lang='lat' dir='ltr'>conscientii,</span> <span class='ocrx_word' id='word_1_108' title='bbox 987 2098 1081 2155; x_wconf 80' lang='lat' dir='ltr'>quarn</span> <span class='ocrx_word' id='word_1_109' title='bbox 1102 2077 1230 2137; x_wconf 88' lang='lat' dir='ltr'>nemine</span> <span class='ocrx_word' id='word_1_110' title='bbox 1244 2067 1426 2150; x_wconf 76' lang='lat' dir='ltr'>pantheista</span> 
     </span>
     <span class='ocr_line' id='line_1_15' title="bbox 317 2184 1426 2275; baseline -0.005 -23"><span class='ocrx_word' id='word_1_111' title='bbox 317 2189 543 2272; x_wconf 59' lang='lat' dir='ltr'>&#39;efflagitante</span> <span class='ocrx_word' id='word_1_112' title='bbox 564 2211 705 2268; x_wconf 88' lang='lat' dir='ltr'>unquam</span> <span class='ocrx_word' id='word_1_113' title='bbox 729 2212 896 2267; x_wconf 83' lang='lat' dir='ltr'>possumus</span> <span class='ocrx_word' id='word_1_114' title='bbox 919 2201 974 2254; x_wconf 88' lang='lat' dir='ltr'>ant</span> <span class='ocrx_word' id='word_1_115' title='bbox 995 2184 1154 2275; x_wconf 82' lang='lat' dir='ltr'>denegare</span> <span class='ocrx_word' id='word_1_116' title='bbox 1176 2197 1233 2255; x_wconf 89' lang='lat' dir='ltr'>aut</span> <span class='ocrx_word' id='word_1_117' title='bbox 1253 2188 1426 2267; x_wconf 77' lang='lat' dir='ltr'>deponere,</span> 
     </span>
     <span class='ocr_line' id='line_1_16' title="bbox 260 2305 1500 2390; baseline -0.005 -20"><span class='ocrx_word' id='word_1_118' title='bbox 260 2375 263 2380; x_wconf 12' lang='lat' dir='ltr'>A</span> <span class='ocrx_word' id='word_1_119' title='bbox 332 2306 372 2370; x_wconf 88' lang='lat' dir='ltr'>ad</span> <span class='ocrx_word' id='word_1_120' title='bbox 394 2305 645 2390; x_wconf 73' lang='lat' dir='ltr'>metaphysiccm</span> <span class='ocrx_word' id='word_1_121' title='bbox 675 2327 799 2385; x_wconf 86' lang='lat' dir='ltr'>quoque</span> <span class='ocrx_word' id='word_1_122' title='bbox 828 2311 850 2369; x_wconf 88' lang='lat' dir='ltr'>i.</span> <span class='ocrx_word' id='word_1_123' title='bbox 880 2329 907 2369; x_wconf 86' lang='lat' dir='ltr'>e.</span> <span class='ocrx_word' id='word_1_124' title='bbox 937 2308 1156 2386; x_wconf 85' lang='lat' dir='ltr'>substantiae,</span> <span class='ocrx_word' id='word_1_125' title='bbox 1185 2328 1267 2386; x_wconf 88' lang='lat' dir='ltr'>quae</span> <span class='ocrx_word' id='word_1_126' title='bbox 1295 2306 1428 2388; x_wconf 81' lang='lat' dir='ltr'>cogitat,</span> <span class='ocrx_word' id='word_1_127' title='bbox 1499 2336 1500 2343; x_wconf 21' lang='grc' dir='ltr'><strong>κ</strong></span> 
     </span>
     <span class='ocr_line' id='line_1_17' title="bbox 331 2419 1426 2507; baseline -0.005 -20"><span class='ocrx_word' id='word_1_128' title='bbox 331 2427 488 2501; x_wconf 87' lang='lat' dir='ltr'>unitatem</span> <span class='ocrx_word' id='word_1_129' title='bbox 504 2422 669 2507; x_wconf 83' lang='lat' dir='ltr'>(monada)</span> <span class='ocrx_word' id='word_1_130' title='bbox 684 2425 918 2507; x_wconf 85' lang='lat' dir='ltr'>agnoscendam</span> <span class='ocrx_word' id='word_1_131' title='bbox 937 2446 996 2487; x_wconf 89' lang='lat' dir='ltr'>nos</span> <span class='ocrx_word' id='word_1_132' title='bbox 1011 2424 1157 2488; x_wconf 87' lang='lat' dir='ltr'>deducit:</span> <span class='ocrx_word' id='word_1_133' title='bbox 1180 2429 1305 2487; x_wconf 85' lang='lat' dir='ltr'>tantum</span> <span class='ocrx_word' id='word_1_134' title='bbox 1322 2419 1426 2499; x_wconf 87' lang='lat' dir='ltr'>abest,</span> 
     </span>
     <span class='ocr_line' id='line_1_18' title="bbox 332 2524 1427 2624; baseline -0.006 -18"><span class='ocrx_word' id='word_1_135' title='bbox 332 2552 368 2606; x_wconf 87' lang='lat' dir='ltr'>ut</span> <span class='ocrx_word' id='word_1_136' title='bbox 390 2546 460 2606; x_wconf 81' lang='lat' dir='ltr'>sine</span> <span class='ocrx_word' id='word_1_137' title='bbox 482 2524 705 2624; x_wconf 82' lang='lat' dir='ltr'>praejudicata</span> <span class='ocrx_word' id='word_1_138' title='bbox 723 2545 876 2621; x_wconf 91' lang='lat' dir='ltr'>opinione</span> <span class='ocrx_word' id='word_1_139' title='bbox 894 2541 934 2605; x_wconf 90' lang='lat' dir='ltr'>ad</span> <span class='ocrx_word' id='word_1_140' title='bbox 950 2540 1187 2622; x_wconf 87' lang='lat' dir='ltr'>pantheismum</span> <span class='ocrx_word' id='word_1_141' title='bbox 1204 2541 1427 2616; x_wconf 85' lang='lat' dir='ltr'>deveniamus,</span> 
     </span>
     <span class='ocr_line' id='line_1_19' title="bbox 300 2648 1426 2743; baseline -0.004 -20"><span class='ocrx_word' id='word_1_142' title='bbox 300 2648 303 2653; x_wconf 33' lang='lat'>⁵</span> <span class='ocrx_word' id='word_1_143' title='bbox 331 2669 368 2723; x_wconf 91' lang='lat' dir='ltr'>ut</span> <span class='ocrx_word' id='word_1_144' title='bbox 389 2660 526 2724; x_wconf 88' lang='lat' dir='ltr'>mundns</span> <span class='ocrx_word' id='word_1_145' title='bbox 546 2681 610 2722; x_wconf 94' lang='lat' dir='ltr'>non</span> <span class='ocrx_word' id='word_1_146' title='bbox 633 2659 855 2743; x_wconf 79' lang='lat' dir='ltr'>rnetcpdycr&#39;cc</span> <span class='ocrx_word' id='word_1_147' title='bbox 878 2661 1034 2742; x_wconf 87' lang='lat' dir='ltr'>quaedam</span> <span class='ocrx_word' id='word_1_148' title='bbox 1055 2661 1164 2723; x_wconf 90' lang='lat' dir='ltr'>unitas</span> <span class='ocrx_word' id='word_1_149' title='bbox 1187 2652 1231 2742; x_wconf 73' lang='lat' dir='ltr'>(ib</span> <span class='ocrx_word' id='word_1_150' title='bbox 1247 2659 1297 2720; x_wconf 82' lang='lat' dir='ltr'>uui</span> <span class='ocrx_word' id='word_1_151' title='bbox 1314 2655 1426 2737; x_wconf 77' lang='grc' dir='ltr'><strong>πολλά)</strong></span> 
     </span>
    </p>
   </div>
   <div class='ocr_carea' id='block_1_3' title="bbox 202 2759 1425 2867">
    <p class='ocr_par' dir='ltr' id='par_1_3' title="bbox 202 2759 1425 2867">
     <span class='ocr_line' id='line_1_20' title="bbox 202 2759 1425 2867; baseline -0.004 -26"><span class='ocrx_word' id='word_1_152' title='bbox 202 2759 206 2766; x_wconf 40' lang='grc'><em>’</em></span> <span class='ocrx_word' id='word_1_153' title='bbox 233 2762 235 2767; x_wconf 40' lang='grc'><strong>’</strong></span> <span class='ocrx_word' id='word_1_154' title='bbox 332 2782 375 2867; x_wconf 88' lang='lat' dir='ltr'>sit</span> <span class='ocrx_word' id='word_1_155' title='bbox 398 2778 713 2842; x_wconf 73' lang='lat' dir='ltr'>existimandus‘sed</span> <span class='ocrx_word' id='word_1_156' title='bbox 736 2783 930 2858; x_wconf 86' lang='lat' dir='ltr'>compositus</span> <span class='ocrx_word' id='word_1_157' title='bbox 948 2801 993 2842; x_wconf 83' lang='lat' dir='ltr'>ex</span> <span class='ocrx_word' id='word_1_158' title='bbox 1010 2776 1121 2840; x_wconf 87' lang='lat' dir='ltr'>multis</span> <span class='ocrx_word' id='word_1_159' title='bbox 1137 2776 1281 2856; x_wconf 84' lang='lat' dir='ltr'>partibus</span> <span class='ocrx_word' id='word_1_160' title='bbox 1298 2772 1425 2854; x_wconf 87' lang='lat' dir='ltr'>simpli-</span> 
     </span>
    </p>
   </div>
   <div class='ocr_carea' id='block_1_4' title="bbox 192 2893 1426 2979">
    <p class='ocr_par' dir='ltr' id='par_1_4' title="bbox 192 2893 1426 2979">
     <span class='ocr_line' id='line_1_21' title="bbox 192 2893 1426 2979; baseline -0.011 -13"><span class='ocrx_word' id='word_1_161' title='bbox 192 2962 194 2966; x_wconf 12' lang='grc' dir='ltr'><em>Α</em></span> <span class='ocrx_word' id='word_1_162' title='bbox 232 2976 234 2979; x_wconf 39' lang='grc'><strong>,</strong></span> <span class='ocrx_word' id='word_1_163' title='bbox 331 2897 422 2962; x_wconf 89' lang='lat' dir='ltr'>cibus</span> <span class='ocrx_word' id='word_1_164' title='bbox 447 2919 473 2960; x_wconf 79' lang='lat' dir='ltr'>s.</span> <span class='ocrx_word' id='word_1_165' title='bbox 497 2900 614 2960; x_wconf 85' lang='lat' dir='ltr'>atomis</span> <span class='ocrx_word' id='word_1_166' title='bbox 636 2901 659 2959; x_wconf 85' lang='lat' dir='ltr'>i.</span> <span class='ocrx_word' id='word_1_167' title='bbox 678 2920 704 2961; x_wconf 89' lang='lat' dir='ltr'>e.</span> <span class='ocrx_word' id='word_1_168' title='bbox 719 2898 865 2978; x_wconf 87' lang='lat' dir='ltr'>partibus</span> <span class='ocrx_word' id='word_1_169' title='bbox 879 2897 1065 2960; x_wconf 85' lang='lat' dir='ltr'>individuis.</span> <span class='ocrx_word' id='word_1_170' title='bbox 1110 2893 1309 2958; x_wconf 87' lang='lat' dir='ltr'>Deducirnur</span> <span class='ocrx_word' id='word_1_171' title='bbox 1324 2894 1426 2979; x_wconf 82' lang='lat' dir='ltr'>igitur</span> 
     </span>
    </p>
   </div>
   <div class='ocr_carea' id='block_1_5' title="bbox 247 3011 1427 4278">
    <p class='ocr_par' dir='ltr' id='par_1_5' title="bbox 298 3011 1427 3921">
     <span class='ocr_line' id='line_1_22' title="bbox 330 3011 1425 3098; baseline -0.006 -19"><span class='ocrx_word' id='word_1_172' title='bbox 330 3017 372 3081; x_wconf 87' lang='lat' dir='ltr'>ad</span> <span class='ocrx_word' id='word_1_173' title='bbox 394 3014 665 3098; x_wconf 76' lang='lat' dir='ltr'>rnonadologiam,</span> <span class='ocrx_word' id='word_1_174' title='bbox 689 3037 783 3096; x_wconf 88' lang='lat' dir='ltr'>quarn</span> <span class='ocrx_word' id='word_1_175' title='bbox 805 3016 978 3079; x_wconf 87' lang='lat' dir='ltr'>admodum</span> <span class='ocrx_word' id='word_1_176' title='bbox 1000 3016 1214 3093; x_wconf 77' lang='lat' dir='ltr'>incomposite</span> <span class='ocrx_word' id='word_1_177' title='bbox 1229 3012 1281 3076; x_wconf 88' lang='lat' dir='ltr'>illi</span> <span class='ocrx_word' id='word_1_178' title='bbox 1294 3011 1425 3091; x_wconf 86' lang='lat' dir='ltr'>quidem</span> 
     </span>
     <span class='ocr_line' id='line_1_23' title="bbox 331 3116 1426 3214; baseline -0.005 -18"><span class='ocrx_word' id='word_1_179' title='bbox 331 3135 471 3211; x_wconf 82' lang='lat' dir='ltr'>antiquis</span> <span class='ocrx_word' id='word_1_180' title='bbox 487 3116 562 3214; x_wconf 85' lang='lat' dir='ltr'>¹jam</span> <span class='ocrx_word' id='word_1_181' title='bbox 585 3133 782 3213; x_wconf 76' lang='lat' dir='ltr'>temporibus</span> <span class='ocrx_word' id='word_1_182' title='bbox 799 3129 1016 3211; x_wconf 86' lang='lat' dir='ltr'>Democritus,</span> <span class='ocrx_word' id='word_1_183' title='bbox 1038 3132 1231 3210; x_wconf 87' lang='lat' dir='ltr'>Leucippus,</span> <span class='ocrx_word' id='word_1_184' title='bbox 1254 3129 1426 3208; x_wconf 82' lang='lat' dir='ltr'>Epicurus,</span> 
     </span>
     <span class='ocr_line' id='line_1_24' title="bbox 329 3246 1427 3328; baseline 0 -18"><span class='ocrx_word' id='word_1_185' title='bbox 329 3248 387 3311; x_wconf 88' lang='lat' dir='ltr'>alii</span> <span class='ocrx_word' id='word_1_186' title='bbox 410 3257 655 3328; x_wconf 80' lang='lat' dir='ltr'>expresserant3</span> <span class='ocrx_word' id='word_1_187' title='bbox 677 3252 858 3312; x_wconf 85' lang='lat' dir='ltr'>recentiore</span> <span class='ocrx_word' id='word_1_188' title='bbox 878 3258 986 3312; x_wconf 87' lang='lat' dir='ltr'>autem</span> <span class='ocrx_word' id='word_1_189' title='bbox 1009 3256 1153 3327; x_wconf 89' lang='lat' dir='ltr'>ternpore</span> <span class='ocrx_word' id='word_1_190' title='bbox 1175 3246 1365 3310; x_wconf 82' lang='lat' dir='ltr'>Leibnizius</span> <span class='ocrx_word' id='word_1_191' title='bbox 1390 3257 1427 3311; x_wconf 89' lang='lat' dir='ltr'>et</span> 
     </span>
     <span class='ocr_line' id='line_1_25' title="bbox 309 3363 1425 3454; baseline 0 -27"><span class='ocrx_word' id='word_1_192' title='bbox 309 3363 509 3454; x_wconf 60' lang='lat' dir='ltr'>‚Herbartus</span> <span class='ocrx_word' id='word_1_193' title='bbox 531 3365 715 3429; x_wconf 81' lang='lat' dir='ltr'>admirabili</span> <span class='ocrx_word' id='word_1_194' title='bbox 728 3389 800 3431; x_wconf 90' lang='lat' dir='ltr'>cum</span> <span class='ocrx_word' id='word_1_195' title='bbox 816 3368 991 3451; x_wconf 82' lang='lat' dir='ltr'>sagacitate</span> <span class='ocrx_word' id='word_1_196' title='bbox 1005 3368 1165 3446; x_wconf 87' lang='lat' dir='ltr'>persecuti</span> <span class='ocrx_word' id='word_1_197' title='bbox 1181 3373 1265 3429; x_wconf 88' lang='lat' dir='ltr'>sunt.</span> <span class='ocrx_word' id='word_1_198' title='bbox 1310 3363 1425 3439; x_wconf 79' lang='lat' dir='ltr'>Quou-</span> 
     </span>
     <span class='ocr_line' id='line_1_26' title="bbox 330 3482 1424 3568; baseline -0.004 -19"><span class='ocrx_word' id='word_1_199' title='bbox 330 3487 392 3549; x_wconf 88' lang='lat' dir='ltr'>etsi</span> <span class='ocrx_word' id='word_1_200' title='bbox 407 3493 521 3547; x_wconf 87' lang='lat' dir='ltr'>neuter</span> <span class='ocrx_word' id='word_1_201' title='bbox 537 3486 717 3548; x_wconf 86' lang='lat' dir='ltr'>censendus</span> <span class='ocrx_word' id='word_1_202' title='bbox 733 3491 782 3548; x_wconf 87' lang='lat' dir='ltr'>est</span> <span class='ocrx_word' id='word_1_203' title='bbox 797 3506 865 3547; x_wconf 88' lang='lat' dir='ltr'>rern</span> <span class='ocrx_word' id='word_1_204' title='bbox 884 3482 1082 3568; x_wconf 83' lang='lat' dir='ltr'>profligasse,</span> <span class='ocrx_word' id='word_1_205' title='bbox 1094 3485 1297 3564; x_wconf 87' lang='lat' dir='ltr'>principium</span> <span class='ocrx_word' id='word_1_206' title='bbox 1313 3491 1424 3546; x_wconf 88' lang='lat' dir='ltr'>tamen</span> 
     </span>
     <span class='ocr_line' id='line_1_27' title="bbox 328 3593 1423 3688; baseline 0.001 -27"><span class='ocrx_word' id='word_1_207' title='bbox 328 3599 376 3680; x_wconf 84' lang='lat' dir='ltr'>(id</span> <span class='ocrx_word' id='word_1_208' title='bbox 400 3593 482 3681; x_wconf 85' lang='lat' dir='ltr'>quod</span> <span class='ocrx_word' id='word_1_209' title='bbox 506 3601 602 3687; x_wconf 83' lang='lat' dir='ltr'>longe</span> <span class='ocrx_word' id='word_1_210' title='bbox 625 3611 675 3667; x_wconf 88' lang='lat' dir='ltr'>est</span> <span class='ocrx_word' id='word_1_211' title='bbox 694 3603 936 3688; x_wconf 86' lang='lat' dir='ltr'>gravissimum)</span> <span class='ocrx_word' id='word_1_212' title='bbox 958 3602 1178 3666; x_wconf 87' lang='lat' dir='ltr'>exhibuerunt</span> <span class='ocrx_word' id='word_1_213' title='bbox 1199 3623 1310 3664; x_wconf 89' lang='lat' dir='ltr'>verum</span> <span class='ocrx_word' id='word_1_214' title='bbox 1325 3608 1423 3680; x_wconf 90' lang='lat' dir='ltr'>atque</span> 
     </span>
     <span class='ocr_line' id='line_1_28' title="bbox 298 3716 1421 3805; baseline -0.004 -22"><span class='ocrx_word' id='word_1_215' title='bbox 298 3794 300 3797; x_wconf 23' lang='lat'>¹</span> <span class='ocrx_word' id='word_1_216' title='bbox 328 3721 363 3783; x_wconf 88' lang='lat' dir='ltr'>iu</span> <span class='ocrx_word' id='word_1_217' title='bbox 388 3718 522 3781; x_wconf 88' lang='lat' dir='ltr'>eandem</span> <span class='ocrx_word' id='word_1_218' title='bbox 546 3724 740 3784; x_wconf 88' lang='lat' dir='ltr'>senteutiam</span> <span class='ocrx_word' id='word_1_219' title='bbox 762 3723 860 3783; x_wconf 90' lang='lat' dir='ltr'>etiarn</span> <span class='ocrx_word' id='word_1_220' title='bbox 882 3720 908 3782; x_wconf 88' lang='lat' dir='ltr'><strong>F</strong></span> <span class='ocrx_word' id='word_1_221' title='bbox 912 3740 1057 3783; x_wconf 77' lang='lat' dir='ltr'>icarum</span> <span class='ocrx_word' id='word_1_222' title='bbox 1075 3721 1267 3805; x_wconf 88' lang='lat' dir='ltr'>(juniorem)</span> <span class='ocrx_word' id='word_1_223' title='bbox 1289 3716 1421 3781; x_wconf 87' lang='lat' dir='ltr'>tandem</span> 
     </span>
     <span class='ocr_line' id='line_1_29' title="bbox 328 3835 1100 3921; baseline 0 -23"><span class='ocrx_word' id='word_1_224' title='bbox 328 3835 516 3905; x_wconf 83' lang='lat' dir='ltr'>discessisse</span> <span class='ocrx_word' id='word_1_225' title='bbox 539 3857 655 3921; x_wconf 84' lang='lat' dir='ltr'>magna</span> <span class='ocrx_word' id='word_1_226' title='bbox 678 3860 749 3900; x_wconf 85' lang='lat' dir='ltr'>curn</span> <span class='ocrx_word' id='word_1_227' title='bbox 772 3836 937 3916; x_wconf 86' lang='lat' dir='ltr'>voluptate</span> <span class='ocrx_word' id='word_1_228' title='bbox 960 3839 1100 3917; x_wconf 85' lang='lat' dir='ltr'>percepi.</span> 
     </span>
    </p>

    <p class='ocr_par' dir='ltr' id='par_1_6' title="bbox 247 3952 1424 4278">
     <span class='ocr_line' id='line_1_30' title="bbox 413 3952 1423 4037; baseline 0.001 -19"><span class='ocrx_word' id='word_1_229' title='bbox 413 3952 505 4031; x_wconf 83' lang='lat' dir='ltr'>Quae</span> <span class='ocrx_word' id='word_1_230' title='bbox 527 3978 623 4037; x_wconf 87' lang='lat' dir='ltr'>quum</span> <span class='ocrx_word' id='word_1_231' title='bbox 646 3959 693 4021; x_wconf 89' lang='lat' dir='ltr'>ita</span> <span class='ocrx_word' id='word_1_232' title='bbox 715 3959 798 4033; x_wconf 85' lang='lat' dir='ltr'>sint,</span> <span class='ocrx_word' id='word_1_233' title='bbox 828 3957 856 4019; x_wconf 89' lang='lat' dir='ltr'>si</span> <span class='ocrx_word' id='word_1_234' title='bbox 879 3957 950 4035; x_wconf 87' lang='lat' dir='ltr'>quis</span> <span class='ocrx_word' id='word_1_235' title='bbox 972 3954 1012 4016; x_wconf 92' lang='lat' dir='ltr'>ad</span> <span class='ocrx_word' id='word_1_236' title='bbox 1034 3952 1307 4021; x_wconf 76' lang='lat' dir='ltr'>anan&#39;rsnoaun</span> <span class='ocrx_word' id='word_1_237' title='bbox 1330 3952 1423 4019; x_wconf 86' lang='lat' dir='ltr'>illam</span> 
     </span>
     <span class='ocr_line' id='line_1_31' title="bbox 326 4064 1424 4168; baseline -0.005 -29"><span class='ocrx_word' id='word_1_238' title='bbox 326 4077 556 4168; x_wconf 86' lang='lat' dir='ltr'>conscientiam</span> <span class='ocrx_word' id='word_1_239' title='bbox 570 4064 760 4155; x_wconf 80' lang='lat' dir='ltr'>provocabit</span> <span class='ocrx_word' id='word_1_240' title='bbox 775 4075 827 4137; x_wconf 91' lang='lat' dir='ltr'>dei</span> <span class='ocrx_word' id='word_1_241' title='bbox 843 4073 1116 4137; x_wconf 82' lang='lat' dir='ltr'>commonstrandi</span> <span class='ocrx_word' id='word_1_242' title='bbox 1129 4076 1251 4157; x_wconf 79' lang='lat' dir='ltr'>gratia,</span> <span class='ocrx_word' id='word_1_243' title='bbox 1276 4094 1334 4136; x_wconf 87' lang='lat' dir='ltr'>neo</span> <span class='ocrx_word' id='word_1_244' title='bbox 1348 4071 1424 4152; x_wconf 86' lang='lat' dir='ltr'>phi·</span> 
     </span>
     <span class='ocr_line' id='line_1_32' title="bbox 247 4172 1423 4278; baseline -0.003 -22"><span class='ocrx_word' id='word_1_245' title='bbox 247 4270 249 4273; x_wconf 13' lang='grc' dir='ltr'>ι</span> <span class='ocrx_word' id='word_1_246' title='bbox 327 4191 495 4273; x_wconf 86' lang='lat' dir='ltr'>losopbum</span> <span class='ocrx_word' id='word_1_247' title='bbox 507 4172 686 4278; x_wconf 70' lang='lat' dir='ltr'>genuinum</span> <span class='ocrx_word' id='word_1_248' title='bbox 699 4213 871 4277; x_wconf 85' lang='lat' dir='ltr'>agnoscam</span> <span class='ocrx_word' id='word_1_249' title='bbox 883 4194 914 4272; x_wconf 78' lang='lat'>¹⁸)</span> <span class='ocrx_word' id='word_1_250' title='bbox 930 4198 963 4254; x_wconf 88' lang='lat' dir='ltr'>et</span> <span class='ocrx_word' id='word_1_251' title='bbox 980 4189 1153 4255; x_wconf 80' lang='lat' dir='ltr'>athelstam</span> <span class='ocrx_word' id='word_1_252' title='bbox 1171 4190 1308 4272; x_wconf 89' lang='lat' dir='ltr'>habebo,</span> <span class='ocrx_word' id='word_1_253' title='bbox 1324 4211 1423 4270; x_wconf 88' lang='lat' dir='ltr'>quum</span> 
     </span>
    </p>
   </div>
   <div class='ocr_carea' id='block_1_6' title="bbox 397 4442 1426 4516">
    <p class='ocr_par' dir='ltr' id='par_1_7' title="bbox 397 4442 1426 4516">
     <span class='ocr_line' id='line_1_33' title="bbox 397 4442 1426 4516; baseline -0.006 -15"><span class='ocrx_word' id='word_1_254' title='bbox 397 4443 523 4516; x_wconf 63' lang='lat' dir='ltr'>*)&#39;Urgeo</span> <span class='ocrx_word' id='word_1_255' title='bbox 550 4442 670 4499; x_wconf 83' lang='lat' dir='ltr'>lineolam</span> <span class='ocrx_word' id='word_1_256' title='bbox 696 4449 766 4499; x_wconf 86' lang='lat' dir='ltr'>illam</span> <span class='ocrx_word' id='word_1_257' title='bbox 791 4449 846 4498; x_wconf 89' lang='lat' dir='ltr'>voci</span> <span class='ocrx_word' id='word_1_258' title='bbox 873 4448 1052 4511; x_wconf 65' lang='lat' dir='ltr'>„genuinam‘</span> <span class='ocrx_word' id='word_1_259' title='bbox 1073 4449 1247 4515; x_wconf 82' lang='lat' dir='ltr'>subscriptam.</span> <span class='ocrx_word' id='word_1_260' title='bbox 1284 4445 1338 4499; x_wconf 79' lang='lat' dir='ltr'>Nec</span> <span class='ocrx_word' id='word_1_261' title='bbox 1358 4445 1426 4497; x_wconf 78' lang='lat' dir='ltr'>enim</span> 
     </span>
    </p>
   </div>
   <div class='ocr_carea' id='block_1_7' title="bbox 0 0 1526 5376">
    <p class='ocr_par' dir='ltr' id='par_1_8' title="bbox 0 0 1526 5376">
     <span class='ocr_line' id='line_1_34' title="bbox 0 0 1526 5376; baseline 0 3"><span class='ocrx_word' id='word_1_262' title='bbox 0 0 1526 5376; x_wconf 95' lang='lat' dir='ltr'> </span> 
     </span>
    </p>
   </div>
  </div>
 </body>
</html>
