3044 5376
750 457 1003 558 ..24-

332 639 449 701 rernoti
471 598 583 699 vivant
605 656 664 696 nec
686 654 826 712 unquam
848 620 920 698 eum
944 635 1187 714 conspexerint,
1209 632 1326 695 nedum
1349 632 1438 696 boni
1511 640 1512 659 ¹

331 756 503 836 quidquam
519 752 557 815 'ei
581 747 752 813 intulerint
773 760 903 835 propter
916 753 1033 831 ipsum,
1057 751 1140 814 bene
1156 752 1265 830 cupiat
1280 757 1313 815 et
1326 754 1436 830 omni,

332 895 395 955 qua
413 871 487 936 fieri
508 869 629 953 possit,
650 869 779 931 ratione
800 866 938 932 salutem
961 875 995 931 et
1016 875 1187 931 externam
1210 874 1244 930 et
1265 869 1437 932 internam

334 989 462 1068 fundet,
485 993 629 1066 tueatur,
649 983 837 1065 amplificet.
881 984 971 1049 Idem
994 987 1122 1050 ducitur
1143 1005 1254 1049 corum
1270 1006 1353 1065 essa,
1373 987 1435 1066 qui

332 1108 509 1188 principem
538 1110 575 1167 ut
602 1103 759 1186 adjuvent
791 1106 823 1167 in
855 1107 990 1168 civitate
1019 1103 1276 1167 administranda
1308 1101 1434 1168 delecti

332 1231 425 1304 sunt,
448 1229 545 1303 atqua
567 1242 662 1302 quarn
684 1224 790 1285 omnis
812 1224 928 1286 civitas
950 1242 995 1285 ex
1011 1219 1121 1284 multis
1136 1220 1322 1285 civitatibus
1337 1242 1433 1285 ccm-

332 1343 439 1422 pcsita
469 1342 512 1402 sit
541 1338 737 1419 minoribus,
773 1360 831 1420 per
867 1360 979 1402 omnes
1016 1341 1148 1401 omnino
1178 1338 1309 1401 ordines
1340 1339 1432 1403 idern

333 1464 479 1541 permeat
501 1454 661 1535 officium,
691 1459 808 1538 qnippe
831 1477 966 1538 quorum
993 1457 1155 1534 omniurn,
1185 1458 1333 1534 quamvis
1356 1477 1432 1521 seso

331 1578 481 1654 proxime
504 1594 544 1635 ne
566 1575 728 1657 attingant
747 1574 887 1655 quidem,
909 1581 1019 1636 tomen
1034 1571 1095 1636 hoc
1109 1575 1253 1636 omnium
1268 1595 1430 1638 consensu

333 1714 406 1755 esse
428 1692 652 1768 existimetur,
676 1695 713 1753 ut
734 1693 785 1754 aui
806 1692 891 1755 inter
913 1711 948 1754 se
970 1693 1129 1755 rationem
1145 1689 1272 1754 v(locant
1295 1697 1328 1754 et
1351 1711 1430 1770 prae
1511 1698 1512 1701 ’

333 1800 471 1875 aliorum
488 1806 592 1873 salute
608 1808 750 1891 ipsorum
762 1826 861 1886 saepe
877 1805 1050 1872 utilitatem
1067 1807 1270 1888 vilipendant
1291 1805 1425 1892 (Matth.

333 1932 393 2007 22,
416 1931 495 2005 38.).
540 1922 632 2000 Quae
660 1926 690 1988 si
716 1927 1032 2007 praetermittantur,
1063 1948 1120 1990 nec
1147 1928 1311 2008 (civitates
1331 1928 1353 1988 i.
1377 1924 1421 2008 e.)

332 2046 476 2127 majores
499 2042 629 2104 ordines
653 2063 711 2105 nee
735 2043 875 2105 minores
899 2040 1005 2106 locum
1028 2042 1148 2107 habere
1173 2063 1268 2125 posse
1290 2062 1353 2104 una
1373 2046 1423 2103 est
1511 2126 1512 2129 Ἴ

334 2171 368 2225 et
390 2162 596 2223 consentiens
619 2178 695 2220 vox.
748 2156 784 2220 ln
807 2179 958 2242 magnum
981 2168 1089 2225 autem
1112 2181 1253 2225 errorem
1275 2159 1427 2223 inciderit
1511 2134 1512 2181 t

333 2281 381 2357 is,
410 2279 463 2357 qni
495 2275 555 2338 hoc
585 2277 618 2338 in
648 2273 735 2338 solas
764 2278 1022 2341 consociationes
1045 2282 1108 2342 rite
1131 2282 1228 2343 initas
1252 2279 1426 2341 convenire

334 2394 517 2459 crediderit.
560 2390 618 2458 Uti
649 2415 689 2456 ne
719 2395 853 2458 minima
883 2393 1012 2474 quidem
1042 2370 1186 2458 universi
1208 2402 1319 2459 exstat
1341 2416 1425 2476 pars,

334 2535 415 2593 quae
437 2534 500 2575 non
524 2511 563 2575 ad
583 2519 686 2575 totum
709 2519 870 2576 attotam
892 2513 1053 2577 referatur
1074 2522 1108 2576 et
1129 2516 1163 2576 in
1186 2512 1299 2577 mundi
1314 2514 1426 2577 ordine

333 2599 507 2692 servando
522 2631 609 2691 vices
640 2628 792 2708 quasdam
821 2633 981 2697 sustineat
1009 2651 1066 2710 eo,
1099 2630 1184 2711 qnod
1209 2650 1301 2694 suain
1324 2634 1426 2712 ipsius

335 2744 434 2810 habet
453 2754 600 2810 naturam
625 2754 733 2825 eaque·
746 2743 846 2810 afficit
868 2750 988 2826 pariter
1009 2753 1105 2827 atque
1127 2744 1283 2819 afficitur:
1307 2752 1354 2813 ita
1369 2770 1424 2826 na·

332 2874 423 2927 turae
446 2864 662 2926 conscientiae
685 2861 839 2929 facultate
861 2867 1038 2930 instructae
1058 2887 1097 2928 ae
1113 2868 1281 2930 minimum
1298 2867 1426 2947 quidem

332 3002 391 3044 nec
420 2983 564 3066 cogitant
597 3000 655 3041 nec
680 2978 850 3061 factitant,
890 2985 966 3064 quin
997 2981 1172 3047 efficaciam
1205 2994 1362 3049 exserant
1392 2988 1426 3049 in

333 3106 465 3160 naturas
495 3097 641 3180 ejusdem
671 3100 800 3180 generis
830 3107 862 3161 et
891 3102 1059 3180 propiores
1089 3108 1123 3164 et
1151 3104 1343 3165 remotiores
1370 3109 1427 3167 aut

261 3232 265 3238 ·
332 3218 475 3299 mutuam
507 3211 649 3292 aliquam
682 3217 842 3276 actionem
874 3218 1087 3281 exsuscitent.
1113 3216 1234 3294 ··Qnod
1265 3217 1360 3300 quale
1384 3221 1427 3288 sit

332 3318 395 3392 etsi
423 3349 653 3408 saepenumero
685 3352 750 3395 non
781 3341 888 3412 potest
919 3333 1111 3419 singillatim
1146 3336 1290 3416 ostendi,
1328 3359 1426 3418 quum

330 3466 437 3508 rerum
461 3447 745 3526 perquirendarmn
769 3457 802 3514 et
824 3453 1118 3537 investigendaram
1147 3453 1286 3518 facultas
1310 3476 1349 3518 eo
1371 3477 1427 3520 us-

332 3582 392 3640 quc
416 3584 478 3625 non
501 3568 681 3651 pertingat3
711 3574 819 3633 tamen
849 3573 926 3650 quin
954 3574 1002 3634 ita
1030 3572 1091 3650 sit,
1121 3591 1216 3634 nemo
1245 3575 1360 3653 opinor
1388 3577 1425 3637 in

331 3676 565 3742 dubitationem
582 3686 760 3762 vocaverit,
785 3687 848 3748 nisi
866 3687 920 3766 qui
941 3684 1122 3751 mirabilem
1133 3690 1320 3755 'animorum
1339 3695 1426 3755 inter

330 3815 365 3857 se
384 3797 577 3878 juncturam
593 3799 733 3876 penitius
763 3820 827 3863 non
858 3802 900 3865 sit
922 3812 1152 3882 perscrutatus.
1195 3804 1234 3869 ln
1255 3804 1427 3887 propatulo
1511 3822 1512 3863 t

330 3925 437 3976 autem
460 3920 520 3995 est,
543 3920 668 3978 tanturn
688 3913 812 3998 abesse,
836 3923 1026 3985 utrationes
1041 3925 1124 3987 istae
1141 3931 1428 4004 praetermissae
1511 3914 1512 3955 ³

330 4029 483 4110 (necdum
507 4033 592 4095 enim
615 4040 725 4096 exstat
747 4035 839 4102 nobis
858 4038 951 4125 deus)
981 4043 1207 4105 necessitatem
1229 4044 1300 4106 sive
1319 4040 1427 4127 legem
1511 4020 1512 4069 3

334 4138 513 4210 ineantur}
533 4154 651 4229 partim
682 4155 780 4218 etiam
808 4153 949 4219 nolimus
976 4153 1115 4219 velimus
1143 4179 1215 4221 sese
1246 4163 1425 4240 insinuant,
1511 4160 1512 4205 ³

331 4267 446 4344 partim
478 4265 532 4330 ubi
562 4277 696 4350 possunt
727 4272 847 4358 negligi
869 4295 906 4337 ac
927 4271 1362 4358 negliguntur‚‚maximam
1385 4278 1426 4341 de
1511 4256 1512 4263 ἵ

331 4381 422 4444 nobis
446 4393 576 4449 sumunt
599 4388 780 4454 vindictam·
825 4388 909 4454 Nam
933 4411 1027 4471 quum
1051 4403 1160 4472 aparte
1177 4395 1218 4457 ad
1235 4394 1426 4460 felicitatem
