3044 5376
560 445 813 508 -55-

136 616 348 676 eristentiam
366 618 583 695 praedicatum
599 616 717 707 habere
732 622 848 684 reule?
880 617 1038 683 Nimirum
1054 619 1140 698 ideo,
1154 621 1229 700 quia

135 729 219 793 illud
241 732 424 809 „virtutem
447 735 517 794 sire
535 734 671 799 virtutes
695 735 837 800 habere“
860 740 892 820 (i.
913 759 941 799 a.
966 737 1110 816 exstare)
1134 735 1228 799 modo

135 851 170 910 in
193 848 261 911 eolo
285 851 481 932 cogitatione
502 856 641 930 positum
664 874 735 917 esse
757 854 976 934 reperiebatur
999 852 1154 920 modoad
1175 871 1228 913 res

133 974 232 1029 extra
262 970 493 1050 cogitationem
529 970 641 1034 obvias
672 972 892 1051 referebatur,
926 992 1059 1052 quarum
1091 972 1226 1032 virtutes

131 1084 281 1166 singulae
304 1105 361 1162 per
381 1083 589 1150 abstrahendi
613 1089 800 1154 facultatem
824 1093 857 1151 in
881 1109 980 1151 unum
1002 1093 1144 1165 coactae,
1167 1084 1224 1147 ob-

131 1223 227 1264 scure
249 1212 338 1265 certe
359 1204 428 1265 sive
452 1206 501 1285 (nt
517 1225 594 1267 voce
610 1205 823 1270 Leibniziana
837 1208 923 1286 utar)
943 1203 1121 1287 symbolice
1139 1204 1234 1291 cogi-N

133 1318 295 1381 tubuntur.
336 1319 408 1382 lam
431 1343 619 1402 quamquam
636 1325 668 1384 in
683 1325 790 1401 aprico
808 1334 873 1402 est,
895 1323 926 1385 id
944 1343 1067 1401 quoque
1086 1323 1224 1385 realiter

130 1443 286 1514 exstare,
308 1438 391 1516 quod
414 1439 634 1502 tantummodo
652 1442 831 1523 cogitatur,
858 1443 973 1518 quippe
1003 1460 1097 1519 quum
1122 1444 1224 1500 status

134 1555 248 1631 animi,
271 1574 334 1633 qno
347 1553 517 1618 coniicitur
532 1561 622 1620 notio
638 1561 685 1621 rei
701 1562 873 1641 cogitatae,
895 1561 966 1619 sins
984 1555 1052 1619 nlla
1068 1562 1223 1619 retracta·

132 1671 222 1732 tione
243 1676 279 1732 ia
300 1674 399 1735 animi
422 1672 602 1737 substantia
616 1678 658 1738 sit
673 1677 794 1751 realta,
815 1685 923 1738 tamen
940 1677 1089 1754 quoniam
1110 1671 1224 1734 distin·

130 1807 231 1870 gnere
253 1793 477 1852 censuerimus
493 1794 575 1855 inter
593 1814 645 1854 res
659 1797 818 1875 cogitatas
832 1802 866 1854 et
879 1790 1000 1862 reales;
1024 1789 1106 1869 qnod
1122 1797 1224 1851 extra

130 1907 358 1988 cogitationem
368 1913 509 1968 nostram
519 1907 798 1986 deprehendimus,
813 1908 917 1971 solum
936 1926 1118 1984 nuncupare
1127 1923 1221 1982 saepe

131 2020 274 2084 solemus
295 2025 398 2089 reule,
441 2022 564 2098 Quodsi
596 2045 706 2087 verum
737 2028 941 2105 quaerimus,
972 2025 1222 2103 quotiescunque

131 2138 173 2200 de
202 2160 252 2201 rex
271 2140 405 2218 quadarn
437 2128 564 2205 tendum
593 2148 745 2228 cogitatu
766 2143 866 2206 verba
888 2143 1022 2205 iacimus
1046 2142 1115 2203 sive
1138 2135 1221 2216 apud

131 2260 271 2319 animum
297 2267 440 2322 nostrum
463 2262 607 2344 agimus,
638 2261 760 2341 duplex
784 2282 908 2339 semper
931 2257 1078 2338 quiddam
1102 2252 1222 2331 subest,

89 2383 93 2389 '
131 2381 165 2436 et
191 2381 293 2437 status
321 2380 441 2455 annui,
471 2381 525 2455 qni
556 2375 688 2445 conficit
714 2380 939 2461 cogitationem
968 2382 1064 2454 atque
1086 2378 1224 2434 eatenus
1326 2375 1329 2380 ’

131 2490 252 2554 realem
275 2495 459 2571 constituit,
483 2502 515 2555 et
537 2497 665 2577 negatio
691 2498 758 2572 rei,
783 2515 877 2574 quum
895 2499 994 2556 extra
1006 2491 1109 2568 ipsum
1131 2504 1221 2549 seor·

131 2613 191 2673 sim
215 2619 399 2675 exstantem
422 2614 565 2696 cogitare
584 2620 717 2675 conatus
738 2613 841 2675 lucrat
863 2612 989 2672 animus
1013 2645 1051 2654 —
1068 2603 1121 2681 ubi
1144 2621 1220 2664 vero

130 2748 237 2790 sermo
261 2731 440 2792 instituitur
463 2730 504 2792 de
525 2752 561 2792 re
583 2730 718 2809 quadarn
745 2741 778 2793 ut
799 2731 896 2791 etiam
912 2735 1014 2791 cetra
1030 2721 1221 2799 posposita,

131 2852 165 2906 et
187 2840 360 2904 affirmatio
379 2848 429 2905 rei
451 2844 550 2906 realis
573 2849 641 2907 rive
665 2856 760 2907 extra
784 2869 842 2906 nos
865 2847 990 2923 positae
1019 2837 1223 2916 expromitur

133 2967 166 3018 et
187 2963 292 3018 status
312 2959 430 3033 animi,
454 2960 507 3038 qui
529 2958 625 3020 simul
650 2958 724 3022 huic
746 2961 794 3022 rei
818 2957 899 3019 reali
917 2954 1110 3035 respondeat
1126 2961 1221 3031 atque

131 3076 178 3135 ita
201 3093 270 3135 eam
293 3075 423 3156 cogitet,
446 3076 640 3157 designatur.
683 3074 721 3138 ln
736 3094 866 3137 censum
884 3076 981 3158 igitur
994 3072 1084 3135 venit
1097 3069 1224 3154 duplex

130 3189 238 3268 reale,
260 3199 293 3253 et
314 3193 458 3270 animus,
488 3195 544 3271 qui
565 3196 685 3278 cogitat
706 3214 793 3273 reru,
824 3201 857 3256 et
885 3213 959 3270 res,
989 3210 1071 3270 quae
1093 3189 1222 3253 diversa

131 3326 202 3370 erae
231 3306 271 3369 ab
300 3312 409 3372 aninm
435 3313 504 3372 sive
534 3333 609 3375 vere
638 3319 771 3375 exstare
800 3313 968 3393 cogitatur.
1021 3305 1086 3370 Ubi
1113 3311 1222 3367 autern

104 3425 255 3521 'duplex
284 3427 372 3488 reule
387 3426 441 3488 ‘ad
470 3447 504 3488 se
533 3428 673 3491 invicem
701 3427 840 3490 relertur
870 3424 920 3508 (ut
944 3398 976 3485 in
994 3422 1130 3504 judiciis
1153 3415 1221 3481 illis

130 3544 171 3606 dc
201 3545 380 3606 existentia
415 3538 534 3622 latis)';
573 3545 612 3605 de
642 3553 840 3624 utrocunque
872 3541 1094 3621 praedicamus
1123 3535 1221 3614 reali,

130 3661 349 3740 praedicaturis
373 3682 498 3740 semper
522 3682 593 3723 esse
615 3660 745 3724 debebit
767 3662 875 3738 recle,
904 3658 987 3738 qnod
1015 3660 1142 3736 ineptae
1171 3659 1222 3717 est

130 3757 355 3858 philosophiae
378 3780 512 3862 ejusque
535 3778 663 3841 tandem
686 3776 859 3858 aliquando
886 3775 1129 3858 explodendae,
1159 3789 1222 3850 qua

132 3896 339 3979 distinguitur
366 3897 451 3958 inter
479 3895 567 3959 reale
595 3899 699 3974 ipsum
723 3905 755 3973 et
778 3904 910 3959 naturae
932 3893 1030 3956 realis
1053 3867 1220 3968 praedica·

132 3990 247 4076 tiones,
295 4011 353 4074 Est
376 4015 473 4096 igitur
495 4014 647 4079 exstaudi
670 4013 888 4091 praedicatum
909 4011 1000 4072 reale
1021 4004 1220 4070 attributum.

137 4169 175 4178 —
208 4129 302 4209 „Sed
328 4127 428 4206 nihil,
457 4132 561 4209 inquit
586 4118 757 4206 Kanrrus,
788 4129 828 4190 ad
853 4124 1069 4207 imperialium
1094 4123 1222 4183 centnm

135 4250 346 4331 cogitatorum
370 4249 531 4309 notionem
554 4250 603 4328 (in
623 4246 693 4307 crit.
710 4266 806 4331 purae
826 4245 975 4327 rationis)
998 4243 1067 4305 sive
1082 4237 1123 4301 ad
1138 4234 1222 4298 Cas·

138 4368 221 4430 saris
242 4342 365 4428 tantum
389 4367 522 4448 cogitati
546 4367 709 4427 notionem
735 4364 783 4448 (in
805 4364 1031 4428 dissertatione
1047 4376 1142 4438 snpra
1156 4372 1224 4419 rue·
