3044 5376
507 489 758 554 ..75-

86 671 304 752 cogitationis
342 666 476 730 divinoe
506 630 733 728 necessitatem
763 663 982 726 absolutarum
1026 665 1178 746 (Sunrma

87 783 189 847 theol.
208 783 317 846 christ.
336 806 365 861 p.
383 782 478 865 toth).
498 820 538 829 -—
562 782 683 846 Verum
700 783 739 844 de
754 781 835 844 locis
851 782 987 859 primum
1003 786 1177 862 scripturae

87 923 216 979 sacrae,
241 920 318 979 quos
340 904 391 962 vir
416 921 539 963 summe
561 899 761 962 venerandus
784 896 910 975 attulit,
941 919 981 960 ne
1002 921 1085 963 unrrs
1107 905 1176 981 qui·
1236 974 1239 978 A
1357 916 1359 919 ’

86 1019 159 1083 dem
185 1017 308 1081 videtur
331 1021 514 1082 convenire.
548 1015 621 1079 Ex.
646 1023 684 1095 3,
711 1024 762 1080 14.
791 1024 915 1077 tantum
938 1014 1047 1096 abest,
1079 1026 1114 1081 ut
1138 1019 1177 1081 de

86 1139 278 1199 necessitate
301 1134 431 1197 divinae
454 1137 614 1224 essentiae
643 1143 679 1198 ut
707 1156 783 1197 vere
812 1135 973 1195 exstantis
996 1135 1039 1195 sit
1060 1154 1177 1212 sermo,

85 1261 122 1316 ut
137 1267 225 1345 rrffltp,
241 1256 318 1347 ‘illi
334 1267 426 1346 rrfflrp
443 1251 537 1335 (quae
551 1251 732 1331 imperfecti
751 1259 799 1313 est
815 1254 919 1329 notio)
936 1249 1017 1313 nihil
1033 1231 1179 1334 designet

87 1373 149 1433 nisi
174 1377 293 1432 statum
316 1373 502 1445 perpetuum
531 1348 600 1432 sive
630 1366 934 1432 immutabilitatem.
978 1365 1077 1431 Recte
1093 1368 1176 1431 Vul-

85 1470 161 1570 ¹gata
177 1489 386 1565 interpretata
402 1491 452 1546 est
463 1504 557 1561 „sum
572 1487 626 1564 qui
640 1488 745 1562 sum“,
761 1488 948 1549 concinnius
966 1505 1057 1564 quam
1073 1484 1178 1547 LXX

87 1605 147 1683 cipi
182 1599 197 1665 ὃ
227 1601 269 1666 oio
303 1602 355 1686 (cl.
378 1600 477 1680 Apoc.
504 1608 539 1681 l,
561 1611 592 1665 4.
615 1608 644 1666 8.
674 1601 846 1667 Plutarcho
869 1609 952 1665 teste
975 1601 1014 1664 de
1038 1600 1121 1664 iside
1146 1611 1179 1666 et

87 1719 178 1783 Osiri
202 1743 270 1800 cap.
289 1727 319 1785 9.
343 1720 464 1800 templo
488 1716 584 1781 isidis
605 1719 729 1782 Saitica
752 1718 832 1783 haec
854 1717 954 1781 verba
976 1719 1106 1782 fuerunt
1128 1723 1177 1782 in-

86 1841 224 1919 scripta:
254 1838 344 1923 „iyoi
379 1840 440 1919 εἰμι
468 1836 503 1900 τὸ
531 1835 655 1920 γεγονός
677 1838 727 1899 καὶ
750 1833 785 1899 dr
812 1837 862 1898 καὶ
884 1834 1030 1914 ἐσόμενον
1052 1837 1179 1900 καὶτὸν

85 1951 161 2036 ἐμὸν
190 1957 304 2018 πέπλον
332 1954 433 2028 οὐδείς
461 1977 510 2015 πω
539 1950 657 2033 θνητὸς
679 1950 906 2031 ἀπεκάλυψεν(
934 1951 974 2013 cf.
999 1949 1176 2016 Tuonucrr.

92 2070 294 2135 Vermr'rcttc
305 2070 477 2152 Schriften
492 2069 516 2133 Ι,
535 2075 627 2132 1830.
642 2091 672 2149 p.
686 2074 749 2132 384
759 2090 825 2148 seq.
842 2074 875 2129 et
889 2069 1047 2147 imprimis
1065 2067 1176 2133 Tuon.

30 2252 31 2255 ,
85 2192 119 2252 iu
146 2196 315 2252 comment.
339 2189 380 2252 ad
397 2188 477 2252 Gen.
502 2211 532 2267 p.
550 2184 717 2249 XXXlV.
732 2194 764 2250 et
779 2183 962 2266 XXXV.).·
982 2225 1019 2232 -
1042 2185 1108 2248 Jes.
1124 2194 1177 2267 42,

85 2312 115 2370 8.
143 2327 183 2368 ne
201 2302 345 2369 alludere
362 2304 489 2384 quidem
506 2303 632 2366 videtur
646 2304 686 2366 ad
704 2307 793 2366 vocis
812 2318 893 2398 ming
911 2305 1176 2385 originationem
1282 2296 1286 2301 ’

85 2431 182 2506 urget
204 2425 290 2485 enim
314 2443 429 2485 nomen
452 2421 538 2483 istud
562 2429 695 2484 eatenus
717 2429 854 2501 tantum,
877 2427 1034 2501 quatenus
1047 2429 1084 2484 ut
1099 2422 1178 2486 deus

85 2562 231 2605 summus
254 2547 287 2602 et
302 2538 402 2601 'ierus
423 2559 443 2598 a
463 2537 596 2618 reliquis
616 2539 678 2601 diis
697 2536 959 2620 (commenticiis)
978 2538 1178 2602 dissociatur.

85 2658 150 2722 His
173 2661 272 2742 igitur
290 2656 372 2719 locis
391 2657 568 2734 superstrui
584 2677 647 2718 non
663 2663 790 2735 poterat
802 2659 866 2720 viri
879 2657 996 2719 summi
1008 2659 1177 2720 sententis.

88 2817 126 2824 —
157 2774 253 2838 Haud
283 2777 329 2836 ita
358 2771 454 2835 facile
479 2770 637 2855 judicium
669 2775 875 2837 constituitur
896 2773 936 2835 de
958 2742 1039 2851 Eph.
1064 2779 1177 2850 5,13.

85 2891 172 2955 Mihi
193 2891 322 2970 quidem
344 2890 435 2951 locus
459 2885 637 2966 paullulum
659 2888 832 2965 impeditus
858 2890 905 2949 ita
926 2887 1053 2950 videtur
1076 2910 1177 2971 expe.

22 2979 23 2982 Ἴ
87 3009 234 3072 diendus.
279 3003 388 3068 Versu
418 3007 465 3063 11.
495 3000 616 3065 Paulus
645 3004 937 3067 commonefecerat
962 3003 1178 3086 Christianos,

86 3147 129 3189 ne
151 3145 247 3205 quum
271 3121 362 3186 τέκνα
383 3117 489 3203 φωτός
509 3121 553 3202 (ν.
573 3121 619 3203 9.)
641 3122 664 3185 i.
689 3144 717 3185 e.
741 3119 977 3205 intelligentiae
1000 3129 1033 3186 et
1054 3144 1179 3189 morum

86 3245 224 3305 veritate
235 3258 302 3328 per
317 3237 483 3301 Christum
502 3246 610 3303 essent
623 3238 757 3320 imbuti,
780 3242 1007 3303 commercium
1024 3239 1180 3305 haberent

87 3380 160 3422 cum
181 3365 246 3430 τοῖς
269 3354 368 3437 ξ’ργοις
391 3393 429 3402 -
452 3360 508 3416 τοῦ
531 3357 660 3430 σκότους
689 3357 796 3439 (Rom.
821 3356 981 3437 13,12.);
1012 3359 1071 3421 sed
1096 3367 1132 3421 ut
1150 3382 1179 3421 e

86 3476 249 3539 contrario
265 3467 403 3554 gentiles
419 3477 622 3547 peccatorum
642 3474 879 3533 convincerent.
893 3505 896 3509 v
914 3468 1017 3554 Cujus
1034 3474 1178 3537 admoni-

87 3595 186 3656 tionis
211 3597 334 3669 partem
353 3591 500 3670 priorem
523 3587 648 3650 stabilit
670 3609 767 3651 versu
789 3593 838 3648 12.
870 3593 903 3649 et
925 3602 1050 3666 partem
1069 3598 1180 3674 poste·

86 3718 207 3773 rc'orcrn
235 3727 332 3769 versu
362 3708 411 3768 13.
456 3701 541 3764 Hinc
571 3724 668 3765 versu
700 3710 747 3765 12.
778 3698 837 3786 γάρ
871 3709 904 3766 et
931 3725 1028 3769 versu
1052 3712 1102 3771 13.
1126 3710 1178 3774 dt:

87 3828 224 3909 utraque
247 3825 333 3887 enim
355 3842 452 3884 causa
468 3820 530 3883 sihi
544 3821 664 3898 pariter
680 3827 729 3882 est
744 3823 890 3900 opposite
905 3830 1000 3903 utque
1017 3827 1179 3886 sententia

88 3943 134 4024 (v.
161 3940 247 4022 11.),
278 3961 360 4018 quae
382 3934 545 4002 fulcienda
568 3942 635 4015 est,
659 3939 739 4017 ipsa.
779 3937 943 4020 ⁴Nimirum
965 3937 1178 4003 Hnnrsssrus

89 4074 281 4136 quamquam
311 4057 345 4116 in
363 4077 412 4144 *eo
440 4042 490 4118 est
516 4053 635 4129 falsus,
666 4051 751 4130 quod
780 4058 886 4136 κρυφῇ
912 4053 956 4134 (v.
982 4054 1044 4135 12.)
1066 4063 1178 4119 contra

89 4193 218 4233 omnem
240 4188 351 4248 usum,
382 4173 437 4249 qui
464 4146 629 4233 notionem
654 4166 869 4248 „occultati“
900 4190 965 4230 non
988 4169 1177 4248 „ohscuri“

89 4285 262 4364 exhibeat,
286 4295 320 4350 et
341 4296 452 4350 contra
473 4285 537 4367 loci
558 4287 659 4364 ipsius
680 4287 839 4348 rationem
862 4287 1040 4365 internam,
1064 4290 1177 4352 eodem

89 4404 186 4465 modo
209 4407 349 4483 accepit,
372 4425 434 4485 quo
457 4401 529 4488 ἔργα
551 4399 799 4475 σκότουςεὶη
822 4424 861 4465 eo
882 4410 990 4467 tamen
1007 4405 1048 4468 ad
1068 4427 1177 4473 verum
