3044 5376
739 503 1091 579 -60-,

322 687 418 769 logici
449 690 643 746 momentum
663 684 754 761 ,satis
782 666 909 742 stricte
926 683 1121 759 respexisse.
1174 675 1336 742 Nimirum
1374 682 1432 741 uti

322 801 496 866 secundum
519 798 600 861 illud
631 800 789 881 ‚,cogito,
821 790 897 878 ergo
920 802 1032 859 sum“.
1053 801 1086 859 in
1111 802 1201 859 omni
1220 799 1431 878 cogitatione

323 923 408 981 inest
429 919 625 981 existentiae
647 922 867 999 argumentum
898 920 1047 994 quamvis
1076 915 1224 978 omnibus
1249 914 1319 976 fere
1343 923 1428 976 ante

323 1035 503 1099 Cartesium
528 1035 654 1111 insciis,
678 1037 746 1096 sive
768 1036 816 1096 uti
839 1031 973 1095 Kanum
995 1042 1127 1109 auctore
1148 1053 1276 1094 omnem
1293 1035 1426 1115 cogita·

322 1158 444 1223 tionem
462 1172 534 1215 cum
551 1156 753 1214 couscientia
771 1157 880 1227 nostri
893 1157 1041 1234 ipsoram⁴
1050 1157 1230 1230 perceptam
1244 1153 1427 1212 comitatur

325 1273 414 1334 notio
438 1272 557 1351 „ego“‚
582 1272 728 1349 quamvis
749 1266 862 1343 multis
883 1277 917 1330 et
938 1267 1162 1352 ignorantibus
1178 1275 1212 1329 et
1226 1289 1304 1329 vero
1318 1271 1422 1329 etiam

326 1386 533 1471 negantibus:
565 1387 612 1447 ita
634 1407 675 1446 ex
699 1382 846 1447 Anselmi
869 1389 1029 1448 sententia
1052 1388 1084 1448 in
1108 1384 1235 1448 verbis:
1269 1384 1353 1448 Gon
1377 1391 1424 1447 tet

224 1544 229 1552 ·
325 1506 385 1571 der
412 1504 675 1568 Vultaconum
705 1504 765 1564 etsi
796 1501 888 1564 multi
919 1510 976 1564 aut
1005 1524 1066 1565 nou
1096 1511 1209 1565 teuent
1239 1502 1421 1575 autetiam

213 1616 223 1645 ‘¹
325 1630 451 1705 negant
466 1592 626 1701 (nymnos
648 1640 692 1680 ex
719 1618 863 1681 Anselmi
883 1623 1010 1698 scriptis
1025 1641 1121 1700 supra
1139 1619 1288 1702 allatos),
1311 1628 1421 1680 tamen

325 1742 435 1818 utique
456 1736 517 1799 hoc
541 1757 665 1815 semper
688 1739 789 1798 inest:
814 1736 921 1815 „Gau
942 1742 987 1800 ist
1004 1739 1060 1802 die
1075 1740 1334 1802 uollkonosesrte
1350 1737 1420 1798 Art
1471 1794 1473 1799 ⁴

324 1855 381 1919 des
405 1853 549 1916 Dareine
569 1853 796 1937 tetzulegea‘s
841 1853 965 1917 Verum
979 1858 1119 1916 omniuo
1134 1867 1167 1916 et
1182 1852 1419 1917 Bruuaornrus

324 1975 369 2055 (p.
396 1977 444 2036 17.
470 1979 502 2034 et
524 1969 897 2048 21.)etDc0a1scn1us
922 1975 954 2056 (p
987 1977 1074 2055 too.)
1102 1971 1186 2035 falso
1215 1974 1419 2052 interpretati

326 2098 401 2157 suut
423 2089 646 2170 philosophiae
671 2088 899 2152 Anselmianae
921 2091 1183 2171 fundamentum,
1208 2111 1420 2170 quantaeque

327 2216 422 2287 atque
446 2207 670 2287 philosophiae
691 2206 900 2272 Jacoursuas
931 2210 1051 2272 habent
1071 2208 1178 2284 fideus
1202 2215 1235 2270 et
1256 2208 1420 2295 immerito

326 2346 397 2388 eam
427 2325 487 2387 hoo
518 2328 647 2388 nomine
677 2328 841 2406 petitionis
872 2328 1020 2406 principii
1050 2337 1197 2410 arguunt.
1244 2323 1279 2386 ln
1304 2323 1421 2408 vulgus

326 2444 450 2526 quidem
476 2452 552 2507 nota
576 2452 650 2507 sunt
672 2443 771 2506 verba
794 2442 851 2506 illa
869 2442 1017 2506 Auselmi
1042 2442 1199 2527 (Proslog.
1224 2440 1323 2525 cap.l
1356 2463 1419 2504 ex-

326 2566 454 2642 eunte):
486 2560 589 2639 „Non
611 2583 729 2641 quaero
752 2561 954 2645 intelligere,
983 2569 1020 2623 ut
1049 2561 1194 2641 credam,
1220 2562 1280 2651 'sed
1309 2561 1420 2639 oredo,

326 2677 570 2761 utintelligam.
614 2653 755 2755 Namnet
774 2676 835 2739 hoo
857 2678 945 2757 redo,
969 2683 1042 2758 quia
1066 2683 1128 2742 nisi
1152 2681 1331 2758 credidero,
1354 2700 1421 2740 non
1516 2674 1519 2725 Γ

326 2794 549 2881 intelligam.“
601 2794 760 2856 Similiter
790 2796 830 2857 de
861 2794 934 2858 fide.
956 2799 1059 2860 trinit.
1090 2821 1158 2879 cap.
1190 2797 1229 2861 ll.
1264 2799 1346 2860 med.
1374 2834 1419 2843 -
1514 2872 1515 2877 η

325 2914 448 2979 Atvero
471 2909 580 2995 paullo
603 2919 676 2992 post
697 2912 817 2976 ibidem
841 2914 950 2993 prodit
971 2935 1121 2995 oausam,
1143 2938 1200 2979 cur
1220 2940 1239 2985 a
1262 2914 1329 2978 fide
1341 2936 1420 2994 pro·

324 3031 532 3116 gradiendum
556 3029 721 3093 videatur:
745 3051 807 3092 uon
830 3020 891 3109 quo
912 3030 994 3095 fides
1013 3036 1113 3113 ipsius
1130 3034 1423 3117 argumentationis
1511 3016 1512 3035 ³

325 3150 368 3209 sit
390 3147 631 3209 fundamentum
656 3148 738 3229 (sive
762 3149 860 3229 pars),
884 3151 938 3211 sed
960 3154 1035 3230 quia
1057 3155 1135 3234 „qui
1156 3149 1422 3225 concrediderit,

324 3283 388 3325 nou
410 3264 602 3339 ¹experietur
623 3271 656 3326 et
678 3266 909 3363 quiexpertus
932 3282 992 3330 oon
1017 3272 1096 3348 erit,
1127 3291 1190 3331 non
1213 3266 1422 3351 intelliget.“
1513 3278 1515 3335 ἶ

325 3378 383 3444 Uti
406 3382 503 3465 igitur
525 3381 616 3458 pueri
639 3379 740 3444 multa
755 3386 927 3462 recipimus
942 3390 1134 3450 auctoritate
1149 3389 1313 3464 commoti,
1337 3406 1423 3465 quae
1517 3426 1518 3429 =

325 3506 437 3587 postea
459 3499 585 3561 demum
611 3506 720 3561 nostro
743 3497 850 3561 Marte
872 3499 1104 3584 dilucidemus,
1136 3527 1194 3567 uec
1225 3513 1334 3566 tamen
1357 3523 1421 3564 uu-

326 3636 419 3694 quam
445 3615 541 3676 faeile
564 3620 830 3697 percepissimus,
863 3622 924 3683 nisi
948 3618 1013 3683 fide
1034 3621 1092 3685 illa
1115 3622 1243 3701 habita,
1274 3623 1325 3684 cui
1346 3623 1419 3703 jam

325 3731 444 3793 uallum
474 3731 612 3808 amplius
641 3736 865 3798 auctoritatem
896 3737 1076 3802 absolutam
1109 3740 1315 3804 attribuimus
1347 3737 1420 3801 sed·

323 3859 432 3911 tamen
456 3849 617 3931 cogitandi
641 3859 675 3912 et
695 3855 906 3934 cognoscendi
929 3857 1114 3921 facultatem
1139 3880 1182 3921 ex
1203 3857 1311 3938 aliqua
1327 3862 1422 3936 parte

324 3976 486 4047 acceptam
508 3968 696 4031 referimus:
719 3972 766 4032 ita
789 3952 962 4036 Anselmus
977 3978 1116 4053 primum
1132 3966 1325 4039 credendum
1343 3994 1423 4035 oeu-

324 4089 410 4163 suit,
434 4108 495 4166 qua
517 4083 584 4148 fide
604 4094 710 4149 tamen
734 4096 867 4167 postea,
890 4093 1017 4154 ratione
1039 4097 1159 4175 ascita,
1183 4116 1224 4156 ne
1245 4100 1282 4156 ut
1303 4088 1422 4154 lunda·

325 4212 433 4267 mento
449 4205 575 4283 quidem
593 4226 672 4285 opus
685 4208 738 4268 sit.
782 4206 868 4269 Hinc
885 4208 1013 4272 demum
1029 4211 1254 4297 intelliguntur
1268 4206 1419 4271 Anselmi
1495 4234 1499 4242 ·

326 4318 423 4382 verba
446 4321 603 4406 (Proslog.
625 4344 694 4403 rap.
719 4324 779 4388 lv.
803 4328 921 4405 extr.):
945 4326 1106 4406 „Gratias
1131 4328 1225 4408 Tibi,
1250 4330 1333 4392 boue
1349 4327 1420 4390 llo·

327 4435 431 4513 mine,
453 4440 574 4519 gratias
597 4439 687 4520 Tibi,
711 4444 785 4521 quia
808 4443 891 4522 quod
915 4445 1046 4510 credidi
1066 4451 1164 4528 prius,
1189 4447 1239 4519 'l'e
1258 4447 1419 4511 donante:
