3044 5376
499 548 545 558 .,.
603 511 749 573 17.-

73 690 109 746 at
133 691 220 747 corte
242 684 454 748 demonstrari
479 708 540 749 nou
560 708 655 767 posse
668 689 754 751 inter
767 688 880 751 omnes
895 688 964 751 fere
980 691 1077 755 hodie
1091 714 1168 757 eon·

72 803 175 865 veuit.
219 799 331 882 Neque
355 805 442 867 enim
465 802 554 867 solus
571 802 726 868 Kanmus
743 806 829 886 (crit.
848 826 947 884 purae
962 815 1022 871 rat.
1041 831 1072 890 p.
1091 814 1165 874 667.

2 952 3 957 1
70 917 187 1000 alibi),
218 921 271 999 qui
301 923 401 983 totius
424 919 523 1005 hujus
546 914 665 985 erroris
689 924 751 987 etsi
775 943 839 985 non
861 930 970 1002 pater,
993 931 1028 987 at
1048 945 1164 1006 propa·

70 1045 164 1120 gatos
187 1045 237 1099 est
260 1040 488 1119 gravissimus,
512 1041 545 1101 in
568 1041 760 1102 sententium
779 1043 874 1104 istam
891 1041 972 1103 abiit
989 1042 1032 1122 ”),
1053 1063 1163 1106 verum

71 1150 306 1217 Dnourscsuus
326 1157 433 1217 etiam'
447 1155 482 1237 (l.
500 1178 527 1219 o.
547 1179 577 1236 p.
598 1159 681 1237 188.)
706 1164 802 1236 atque
824 1160 955 1220 omniuo
976 1157 1072 1244 iunge
1093 1159 1164 1240 plu·
1251 1238 1257 1247 ἢ

71 1272 148 1332 rimi
170 1274 265 1333 caute
288 1271 488 1355 distinguunt
509 1276 595 1336 inter
617 1274 856 1364 persuasionem
875 1271 939 1337 fide
953 1275 1163 1356 eomprehen-

71 1407 142 1449 sam
172 1394 205 1450 et
234 1385 461 1467 theoreticam,
498 1397 592 1469 atque
628 1390 710 1451 adeo
743 1396 879 1454 noxium
917 1391 1057 1455 futurum
1093 1416 1164 1457 esse

69 1501 362 1569 demonstrativam
383 1525 440 1583 pro
462 1506 515 1567 dei
544 1507 721 1570 existentia
743 1511 1054 1591 argumentationem
1078 1509 1164 1572 arbi·

67 1629 207 1684 tuantur.
249 1617 301 1683 De
325 1642 385 1700 qua
407 1624 586 1700 posteriore
608 1626 769 1685 sententia
790 1623 863 1704 quid
887 1625 1091 1688 statuendum
1115 1629 1163 1689 vi-

67 1737 202 1816 deatur,
226 1756 306 1799 mox
329 1737 514 1802 viderimus.
560 1739 655 1815 Quos
685 1749 792 1804 autem
822 1741 863 1803 ad
891 1739 996 1804 locum
1019 1746 1159 1822 priorem

65 1858 204 1934 attinet,
235 1852 296 1916 hoo
322 1865 399 1920 ante
422 1861 530 1922 omniu
554 1859 751 1935 monuerim,
780 1878 831 1920 me
854 1855 1099 1936 haudquaquam
1120 1861 1161 1923 ab

66 1971 249 2035 Huannnrr
267 1973 668 2056 sententia([)nou1scfflo
682 1993 808 2054 quoque
821 1971 956 2051 probata
971 1970 993 2034 Ι.
1003 1993 1029 2036 o.
1038 1996 1069 2053 p.
1081 1977 1162 2056 12⁴.)

67 2089 166 2168 piune
190 2090 381 2168 dissentire,
405 2092 458 2171 qui
482 2092 515 2153 in
538 2087 678 2169 metaph.
699 2087 713 2151 l
746 2111 776 2168 p.
796 2093 867 2153 107.
892 2086 943 2151 hir
965 2091 1067 2153 utitur
1089 2113 1161 2154 ver·

66 2205 137 2269 bist
161 2205 273 2284 „Wer
295 2211 551 2292 armigerorum
574 2213 671 2270 einen
685 2205 829 2291 Begrqff
844 2224 906 2269 oon
922 2204 984 2269 der
998 2205 1161 2288 Bercdff·

52 2322 199 2404 seudeit
212 2324 327 2387 descen
340 2322 408 2401 lsot,
421 2345 487 2386 soor
501 2345 575 2388 mou
593 2301 806 2387 monsodliolse
815 2321 1032 2388 Erkeautm'rs
1046 2336 1159 2403 uenat,

63 2443 126 2505 der
155 2447 267 2522 weiss,
296 2440 372 2504 dum
401 2448 476 2504 orire
504 2463 619 2527 grosse
647 2438 1000 2505 Woirrciesututsesr
1032 2441 1164 2506 siderali

61 2560 194 2621 stirier
215 2557 285 2621 ond
304 2559 491 2623 uituliolrer
512 2565 567 2638 ist,
593 2560 644 2622 uls
665 2557 724 2621 dus
745 2567 882 2642 drenge
905 2557 952 2620 W
948 2550 1036 2622 isaeo
1050 2559 1159 2623 reddet.

62 2670 164 2738 Deam
191 2694 303 2759 gegeu
326 2677 437 2759 jedes¹
453 2677 501 2740 W
497 2683 584 2740 isson
611 2677 718 2740 durren
751 2674 820 2738 orci
844 2674 988 2755 Zmea'fel
1006 2675 1157 2758 erkedeo,

63 2793 120 2856 die
136 2791 259 2875 jedocd
283 2799 399 2857 mitten
423 2801 466 2858 ios
486 2794 599 2859 Laden
620 2816 686 2880 gur
706 2792 798 2857 nicht
822 2791 974 2856 beocdtet
994 2795 1159 2858 werden.“

63 2906 151 2971 Huic
175 2907 302 2986 quidem
327 2912 506 2971 sententiae
530 2932 675 2973 nornen
703 2908 1004 2986 subscripserimus,
1035 2918 1069 2971 et
1096 2913 1157 2969 nisi

65 3026 177 3085 omnia
197 3043 249 3084 me
270 3020 407 3099 fallunt,
434 3027 468 3085 in
497 3028 605 3104 aprino
637 3033 705 3102 est,
736 3022 916 3085 curabor
940 3022 1160 3087 discordemus

66 3148 230 3220 oporteat:
255 3146 342 3202 serta
359 3143 508 3204 nimirum
527 3142 693 3220 persuasio
710 3147 853 3220 praestat
870 3142 1046 3205 maximam
1064 3139 1159 3224 longe

66 3266 187 3339 partem
212 3277 277 3320 non
301 3257 373 3319 diuo
397 3259 543 3321 veritatis
570 3259 678 3321 studio
708 3257 823 3338 (probo
848 3260 933 3320 euim
958 3260 1159 3321 notissimum

65 3373 147 3437 iliud
170 3372 344 3437 Lussmun
367 3373 503 3452 dictum)
526 3375 583 3438 sed
607 3378 675 3439 veri
693 3358 923 3449 similitudini,
954 3377 988 3435 in
1015 3395 1079 3453 qua
1106 3394 1160 3434 oo-

67 3490 295 3572 quiesoendum
319 3490 473 3554 videmus.
518 3490 617 3570 Atqui
632 3493 802 3554 verissime
819 3494 862 3553 itu
878 3492 983 3574 pergit
997 3488 1156 3554 Hennen-

65 3630 149 3673 uos:
172 3607 266 3688 „Die
286 3616 454 3693 rtrengrte
466 3606 749 3692 Demonstration,
771 3606 887 3670 rodald
902 3612 952 3670 rie
967 3608 1087 3690 linger
1101 3611 1159 3681 ist,

67 3728 116 3791 ate
137 3726 213 3789 duur
233 3731 288 3803 sie¹
304 3730 365 3788 mit
387 3731 491 3798 misem
517 3725 628 3790 encre
649 3724 846 3789 sterneham
877 3722 1006 3788 werden
1028 3725 1158 3798 tooure,

67 3843 181 3922 Iiefert
190 3834 257 3907 'ons
270 3863 334 3906 nur
354 3839 715 3920 Wuhrrcdeinlichkeit,
731 3844 808 3905 weit
819 3849 880 3906 wir
894 3861 954 3904 uns
970 3838 1046 3904 sehr
1059 3836 1160 3903 lerose

67 3967 119 4024 ins
139 3958 300 4025 Venducdt
329 3957 436 4024 doben
463 3962 609 4038 tionem,
639 3958 807 4044 irgendwo
830 3959 949 4022 iader
972 3955 1078 4021 Kette
1100 3954 1160 4018 der

68 4075 219 4141 Scirone
241 4082 338 4140 einen
356 4072 481 4143 Μῶν
500 4079 695 4160 augelorum
716 4097 758 4141 xo
780 4074 928 4140 daben.“
972 4066 1159 4153 Ampleotor

134 4357 164 4429 *)
189 4360 225 4411 rt.
247 4359 303 4424 jorn
328 4358 408 4411 clem.
434 4361 510 4413 Aiax.
536 4360 628 4416 suom.
649 4362 680 4418 V.
708 4378 734 4428 n.
761 4363 822 4415 588.
852 4358 922 4415 θεὸς
947 4355 996 4411 oin
1023 4355 1159 4428 taurim

67 4440 241 4510 λαμβάνεται
258 4450 293 4518 τῇ
312 4441 506 4519 ἀποδεικτικῇ.
523 4474 557 4519 3-
