<?xml version="1.0" encoding="UTF-8"?>
<!DOCTYPE html PUBLIC "-//W3C//DTD XHTML 1.0 Transitional//EN"
    "http://www.w3.org/TR/xhtml1/DTD/xhtml1-transitional.dtd">
<html xmlns="http://www.w3.org/1999/xhtml" xml:lang="en" lang="en">
 <head>
  <title>
</title>
<meta http-equiv="Content-Type" content="text/html;charset=utf-8" />
  <meta name='ocr-system' content='tesseract 3.04.00' />
  <meta name='ocr-capabilities' content='ocr_page ocr_carea ocr_par ocr_line ocrx_word'/>
</head>
<body>
  <div class='ocr_page' id='page_1' title='image "argumentaprodei00fricgoog_0012.png"; bbox 0 0 3044 5376; ppageno 0'>
   <div class='ocr_carea' id='block_1_1' title="bbox 532 447 759 511">
    <p class='ocr_par' dir='ltr' id='par_1_1' title="bbox 532 447 759 511">
     <span class='ocr_line' id='line_1_1' title="bbox 532 447 759 511; baseline -0.004 -16"><span class='ocrx_word' id='word_1_1' title='bbox 532 447 759 511; x_wconf 76' lang='lat'>..5-</span> 
     </span>
    </p>
   </div>
   <div class='ocr_carea' id='block_1_2' title="bbox 50 622 1260 3060">
    <p class='ocr_par' dir='ltr' id='par_1_2' title="bbox 50 622 1260 3060">
     <span class='ocr_line' id='line_1_2' title="bbox 99 622 1195 704; baseline 0.001 -17"><span class='ocrx_word' id='word_1_2' title='bbox 99 648 135 687; x_wconf 89' lang='lat' dir='ltr'>se</span> <span class='ocrx_word' id='word_1_3' title='bbox 159 623 352 687; x_wconf 75' lang='lat' dir='ltr'>incommodi</span> <span class='ocrx_word' id='word_1_4' title='bbox 374 623 494 704; x_wconf 86' lang='lat' dir='ltr'>aliquid</span> <span class='ocrx_word' id='word_1_5' title='bbox 520 623 636 703; x_wconf 82' lang='lat' dir='ltr'>habet,</span> <span class='ocrx_word' id='word_1_6' title='bbox 660 623 712 687; x_wconf 88' lang='lat' dir='ltr'>vel</span> <span class='ocrx_word' id='word_1_7' title='bbox 732 622 797 687; x_wconf 89' lang='lat' dir='ltr'>nlla</span> <span class='ocrx_word' id='word_1_8' title='bbox 818 626 850 685; x_wconf 94' lang='lat' dir='ltr'>in</span> <span class='ocrx_word' id='word_1_9' title='bbox 867 645 902 686; x_wconf 92' lang='lat' dir='ltr'>re</span> <span class='ocrx_word' id='word_1_10' title='bbox 920 625 1069 688; x_wconf 75' lang='lat' dir='ltr'>saltasse</span> <span class='ocrx_word' id='word_1_11' title='bbox 1084 636 1195 690; x_wconf 87' lang='lat' dir='ltr'>aueto-</span> 
     </span>
     <span class='ocr_line' id='line_1_3' title="bbox 99 738 1192 822; baseline 0.003 -18"><span class='ocrx_word' id='word_1_12' title='bbox 99 745 188 804; x_wconf 90' lang='lat' dir='ltr'>ritati</span> <span class='ocrx_word' id='word_1_13' title='bbox 219 743 474 822; x_wconf 85' lang='lat' dir='ltr'>emancipatum,</span> <span class='ocrx_word' id='word_1_14' title='bbox 510 763 605 821; x_wconf 92' lang='lat' dir='ltr'>quum</span> <span class='ocrx_word' id='word_1_15' title='bbox 641 744 772 803; x_wconf 84' lang='lat' dir='ltr'>nurnine</span> <span class='ocrx_word' id='word_1_16' title='bbox 804 738 928 803; x_wconf 80' lang='lat' dir='ltr'>Christi</span> <span class='ocrx_word' id='word_1_17' title='bbox 963 746 1192 821; x_wconf 68' lang='lat' dir='ltr'><strong>praestantiam</strong></span> 
     </span>
     <span class='ocr_line' id='line_1_4' title="bbox 97 858 1193 942; baseline 0.001 -20"><span class='ocrx_word' id='word_1_18' title='bbox 97 866 260 922; x_wconf 72' lang='lat' dir='ltr'>internam</span> <span class='ocrx_word' id='word_1_19' title='bbox 289 863 396 939; x_wconf 89' lang='lat' dir='ltr'>potins</span> <span class='ocrx_word' id='word_1_20' title='bbox 427 881 521 940; x_wconf 91' lang='lat' dir='ltr'>quam</span> <span class='ocrx_word' id='word_1_21' title='bbox 550 860 741 942; x_wconf 75' lang='lat' dir='ltr'>dignitatem</span> <span class='ocrx_word' id='word_1_22' title='bbox 772 858 1024 941; x_wconf 81' lang='lat' dir='ltr'>metaphysieam</span> <span class='ocrx_word' id='word_1_23' title='bbox 1050 862 1193 940; x_wconf 80' lang='lat' dir='ltr'>arripere</span> 
     </span>
     <span class='ocr_line' id='line_1_5' title="bbox 98 976 1192 1057; baseline 0 -17"><span class='ocrx_word' id='word_1_24' title='bbox 98 988 130 1040; x_wconf 90' lang='lat' dir='ltr'>et</span> <span class='ocrx_word' id='word_1_25' title='bbox 149 976 335 1057; x_wconf 87' lang='lat' dir='ltr'>amplexari</span> <span class='ocrx_word' id='word_1_26' title='bbox 360 977 453 1039; x_wconf 84' lang='lat' dir='ltr'>rrohis</span> <span class='ocrx_word' id='word_1_27' title='bbox 475 978 642 1041; x_wconf 80' lang='lat' dir='ltr'>eorrducat.</span> <span class='ocrx_word' id='word_1_28' title='bbox 687 978 884 1040; x_wconf 84' lang='lat' dir='ltr'>Provocatur</span> <span class='ocrx_word' id='word_1_29' title='bbox 915 982 1000 1040; x_wconf 80' lang='lat' dir='ltr'>eninr</span> <span class='ocrx_word' id='word_1_30' title='bbox 1024 979 1126 1055; x_wconf 88' lang='lat' dir='ltr'>ratio,</span> <span class='ocrx_word' id='word_1_31' title='bbox 1157 989 1192 1040; x_wconf 92' lang='lat' dir='ltr'>ut</span> 
     </span>
     <span class='ocr_line' id='line_1_6' title="bbox 50 1092 1191 1178; baseline 0.004 -25"><span class='ocrx_word' id='word_1_32' title='bbox 50 1146 54 1153; x_wconf 83' lang='grc'><em>.</em></span> <span class='ocrx_word' id='word_1_33' title='bbox 96 1117 154 1159; x_wconf 91' lang='lat' dir='ltr'>suo</span> <span class='ocrx_word' id='word_1_34' title='bbox 171 1117 297 1176; x_wconf 90' lang='lat' dir='ltr'>quoque</span> <span class='ocrx_word' id='word_1_35' title='bbox 312 1092 419 1157; x_wconf 86' lang='lat' dir='ltr'>Marte</span> <span class='ocrx_word' id='word_1_36' title='bbox 434 1116 501 1157; x_wconf 90' lang='lat' dir='ltr'>rem</span> <span class='ocrx_word' id='word_1_37' title='bbox 518 1105 583 1157; x_wconf 90' lang='lat' dir='ltr'>tam</span> <span class='ocrx_word' id='word_1_38' title='bbox 598 1117 730 1178; x_wconf 83' lang='lat' dir='ltr'>gravem</span> <span class='ocrx_word' id='word_1_39' title='bbox 746 1095 881 1158; x_wconf 85' lang='lat' dir='ltr'>fundare</span> <span class='ocrx_word' id='word_1_40' title='bbox 896 1103 1029 1158; x_wconf 84' lang='lat' dir='ltr'>conetur</span> <span class='ocrx_word' id='word_1_41' title='bbox 1043 1094 1083 1175; x_wconf 77' lang='grc'>*).</span> <span class='ocrx_word' id='word_1_42' title='bbox 1120 1092 1191 1158; x_wconf 86' lang='lat' dir='ltr'>Huc</span> 
     </span>
     <span class='ocr_line' id='line_1_7' title="bbox 95 1209 1190 1292; baseline -0.001 -18"><span class='ocrx_word' id='word_1_43' title='bbox 95 1213 241 1291; x_wconf 82' lang='lat' dir='ltr'>accedit,</span> <span class='ocrx_word' id='word_1_44' title='bbox 272 1211 357 1291; x_wconf 89' lang='lat' dir='ltr'>quod</span> <span class='ocrx_word' id='word_1_45' title='bbox 387 1210 445 1273; x_wconf 92' lang='lat' dir='ltr'>illa</span> <span class='ocrx_word' id='word_1_46' title='bbox 474 1211 513 1274; x_wconf 91' lang='lat' dir='ltr'>de</span> <span class='ocrx_word' id='word_1_47' title='bbox 542 1209 664 1276; x_wconf 84' lang='lat' dir='ltr'>Christi</span> <span class='ocrx_word' id='word_1_48' title='bbox 695 1233 832 1292; x_wconf 91' lang='lat' dir='ltr'>persona</span> <span class='ocrx_word' id='word_1_49' title='bbox 854 1217 1018 1290; x_wconf 74' lang='lat' dir='ltr'>persuasio</span> <span class='ocrx_word' id='word_1_50' title='bbox 1040 1235 1059 1276; x_wconf 91' lang='lat' dir='ltr'>e</span> <span class='ocrx_word' id='word_1_51' title='bbox 1080 1212 1190 1276; x_wconf 85' lang='lat' dir='ltr'>multis</span> 
     </span>
     <span class='ocr_line' id='line_1_8' title="bbox 97 1324 1190 1412; baseline -0.003 -20"><span class='ocrx_word' id='word_1_52' title='bbox 97 1351 135 1392; x_wconf 88' lang='lat' dir='ltr'>ae</span> <span class='ocrx_word' id='word_1_53' title='bbox 158 1328 309 1412; x_wconf 85' lang='lat' dir='ltr'>gravibus</span> <span class='ocrx_word' id='word_1_54' title='bbox 331 1324 578 1391; x_wconf 77' lang='lat' dir='ltr'>difficultatibus</span> <span class='ocrx_word' id='word_1_55' title='bbox 600 1328 917 1407; x_wconf 88' lang='lat' dir='ltr'>dubitationibusque</span> <span class='ocrx_word' id='word_1_56' title='bbox 934 1328 1125 1392; x_wconf 83' lang='lat' dir='ltr'>extricanda</span> <span class='ocrx_word' id='word_1_57' title='bbox 1141 1336 1190 1390; x_wconf 88' lang='lat' dir='ltr'>est</span> 
     </span>
     <span class='ocr_line' id='line_1_9' title="bbox 98 1445 1189 1529; baseline -0.004 -20"><span class='ocrx_word' id='word_1_58' title='bbox 98 1447 246 1527; x_wconf 92' lang='lat' dir='ltr'>quodque</span> <span class='ocrx_word' id='word_1_59' title='bbox 275 1445 459 1520; x_wconf 72' lang='lat' dir='ltr'>cavendum,</span> <span class='ocrx_word' id='word_1_60' title='bbox 491 1447 583 1509; x_wconf 89' lang='lat' dir='ltr'>nobis</span> <span class='ocrx_word' id='word_1_61' title='bbox 622 1454 672 1509; x_wconf 85' lang='lat' dir='ltr'>est</span> <span class='ocrx_word' id='word_1_62' title='bbox 708 1450 926 1529; x_wconf 70' lang='lat' dir='ltr'>magnopere,</span> <span class='ocrx_word' id='word_1_63' title='bbox 957 1468 997 1508; x_wconf 89' lang='lat' dir='ltr'>ne</span> <span class='ocrx_word' id='word_1_64' title='bbox 1027 1445 1189 1509; x_wconf 85' lang='lat' dir='ltr'>indefesso</span> 
     </span>
     <span class='ocr_line' id='line_1_10' title="bbox 97 1542 1188 1641; baseline -0.005 -14"><span class='ocrx_word' id='word_1_65' title='bbox 97 1566 233 1627; x_wconf 89' lang='lat' dir='ltr'>rationis</span> <span class='ocrx_word' id='word_1_66' title='bbox 256 1583 331 1641; x_wconf 89' lang='lat' dir='ltr'>usu,</span> <span class='ocrx_word' id='word_1_67' title='bbox 354 1563 498 1641; x_wconf 90' lang='lat' dir='ltr'>patribus</span> <span class='ocrx_word' id='word_1_68' title='bbox 521 1562 750 1628; x_wconf 78' lang='lat' dir='ltr'>ecelesiasticis</span> <span class='ocrx_word' id='word_1_69' title='bbox 763 1572 805 1626; x_wconf 85' lang='lat' dir='ltr'>et</span> <span class='ocrx_word' id='word_1_70' title='bbox 829 1562 1032 1626; x_wconf 81' lang='lat' dir='ltr'>scholasticis</span> <span class='ocrx_word' id='word_1_71' title='bbox 1046 1542 1188 1641; x_wconf 86' lang='lat' dir='ltr'>reperia-</span> 
     </span>
     <span class='ocr_line' id='line_1_11' title="bbox 97 1679 1188 1761; baseline -0.002 -20"><span class='ocrx_word' id='word_1_72' title='bbox 97 1701 169 1741; x_wconf 90' lang='lat' dir='ltr'>mur</span> <span class='ocrx_word' id='word_1_73' title='bbox 190 1681 380 1756; x_wconf 87' lang='lat' dir='ltr'>inferiores,</span> <span class='ocrx_word' id='word_1_74' title='bbox 410 1683 527 1759; x_wconf 90' lang='lat' dir='ltr'>quippe</span> <span class='ocrx_word' id='word_1_75' title='bbox 546 1683 600 1760; x_wconf 90' lang='lat' dir='ltr'>qui</span> <span class='ocrx_word' id='word_1_76' title='bbox 624 1679 861 1761; x_wconf 77' lang='lat' dir='ltr'>philosophiam</span> <span class='ocrx_word' id='word_1_77' title='bbox 884 1680 1036 1745; x_wconf 82' lang='lat' dir='ltr'>ancillam</span> <span class='ocrx_word' id='word_1_78' title='bbox 1060 1679 1188 1760; x_wconf 91' lang='lat' dir='ltr'>quidem</span> 
     </span>
     <span class='ocr_line' id='line_1_12' title="bbox 94 1795 1188 1881; baseline -0.003 -21"><span class='ocrx_word' id='word_1_79' title='bbox 94 1796 278 1881; x_wconf 75' lang='lat' dir='ltr'>theologiae</span> <span class='ocrx_word' id='word_1_80' title='bbox 294 1795 475 1876; x_wconf 87' lang='lat' dir='ltr'>habuerint,</span> <span class='ocrx_word' id='word_1_81' title='bbox 484 1798 647 1861; x_wconf 87' lang='lat' dir='ltr'>sedtamen</span> <span class='ocrx_word' id='word_1_82' title='bbox 663 1801 818 1861; x_wconf 84' lang='lat' dir='ltr'>edanum</span> <span class='ocrx_word' id='word_1_83' title='bbox 835 1795 1188 1862; x_wconf 85' lang='lat' dir='ltr'>omnesiereAnselmo</span> 
     </span>
     <span class='ocr_line' id='line_1_13' title="bbox 93 1913 1188 1997; baseline -0.005 -19"><span class='ocrx_word' id='word_1_84' title='bbox 93 1913 319 1979; x_wconf 86' lang='lat' dir='ltr'>Cantuariensi</span> <span class='ocrx_word' id='word_1_85' title='bbox 342 1916 453 1997; x_wconf 84' lang='lat' dir='ltr'>(,‚eur</span> <span class='ocrx_word' id='word_1_86' title='bbox 474 1916 553 1978; x_wconf 89' lang='lat' dir='ltr'>deus</span> <span class='ocrx_word' id='word_1_87' title='bbox 579 1914 727 1978; x_wconf 82' lang='lat' dir='ltr'>homol“</span> <span class='ocrx_word' id='word_1_88' title='bbox 750 1937 816 1994; x_wconf 86' lang='lat' dir='ltr'>oap.</span> <span class='ocrx_word' id='word_1_89' title='bbox 841 1924 871 1978; x_wconf 80' lang='lat'>2.</span> <span class='ocrx_word' id='word_1_90' title='bbox 897 1916 987 1995; x_wconf 85' lang='lat' dir='ltr'>init.)</span> <span class='ocrx_word' id='word_1_91' title='bbox 1013 1918 1188 1992; x_wconf 85' lang='lat' dir='ltr'>interprete</span> 
     </span>
     <span class='ocr_line' id='line_1_14' title="bbox 95 2031 1190 2115; baseline -0.006 -18"><span class='ocrx_word' id='word_1_92' title='bbox 95 2037 147 2097; x_wconf 89' lang='lat' dir='ltr'>usi</span> <span class='ocrx_word' id='word_1_93' title='bbox 170 2055 241 2096; x_wconf 86' lang='lat' dir='ltr'>esse</span> <span class='ocrx_word' id='word_1_94' title='bbox 264 2032 476 2094; x_wconf 81' lang='lat' dir='ltr'>existimandi</span> <span class='ocrx_word' id='word_1_95' title='bbox 500 2034 581 2095; x_wconf 90' lang='lat' dir='ltr'>sint:</span> <span class='ocrx_word' id='word_1_96' title='bbox 613 2031 850 2115; x_wconf 84' lang='lat' dir='ltr'>„Negligentia</span> <span class='ocrx_word' id='word_1_97' title='bbox 874 2033 1018 2109; x_wconf 85' lang='lat' dir='ltr'>videtur,</span> <span class='ocrx_word' id='word_1_98' title='bbox 1048 2032 1076 2091; x_wconf 88' lang='lat' dir='ltr'>si</span> <span class='ocrx_word' id='word_1_99' title='bbox 1102 2036 1190 2109; x_wconf 85' lang='lat' dir='ltr'>post·</span> 
     </span>
     <span class='ocr_line' id='line_1_15' title="bbox 96 2144 1188 2232; baseline -0.005 -18"><span class='ocrx_word' id='word_1_100' title='bbox 96 2173 191 2232; x_wconf 89' lang='lat' dir='ltr'>quam</span> <span class='ocrx_word' id='word_1_101' title='bbox 216 2149 399 2213; x_wconf 86' lang='lat' dir='ltr'>confirmati</span> <span class='ocrx_word' id='word_1_102' title='bbox 422 2170 531 2213; x_wconf 89' lang='lat' dir='ltr'>sumus</span> <span class='ocrx_word' id='word_1_103' title='bbox 554 2154 586 2214; x_wconf 90' lang='lat' dir='ltr'>in</span> <span class='ocrx_word' id='word_1_104' title='bbox 609 2149 693 2230; x_wconf 86' lang='lat' dir='ltr'>fide,</span> <span class='ocrx_word' id='word_1_105' title='bbox 717 2144 780 2213; x_wconf 87' lang='lat' dir='ltr'>non</span> <span class='ocrx_word' id='word_1_106' title='bbox 805 2150 987 2228; x_wconf 81' lang='lat' dir='ltr'>studemus,</span> <span class='ocrx_word' id='word_1_107' title='bbox 1011 2148 1096 2228; x_wconf 89' lang='lat' dir='ltr'>quod</span> <span class='ocrx_word' id='word_1_108' title='bbox 1119 2168 1188 2209; x_wconf 90' lang='lat' dir='ltr'>ere·</span> 
     </span>
     <span class='ocr_line' id='line_1_16' title="bbox 96 2265 1187 2351; baseline -0.005 -20"><span class='ocrx_word' id='word_1_109' title='bbox 96 2270 221 2344; x_wconf 90' lang='lat' dir='ltr'>dimus,</span> <span class='ocrx_word' id='word_1_110' title='bbox 244 2265 459 2350; x_wconf 83' lang='lat' dir='ltr'>intelligere“</span> <span class='ocrx_word' id='word_1_111' title='bbox 476 2269 535 2347; x_wconf 73' lang='grc'>“).</span> <span class='ocrx_word' id='word_1_112' title='bbox 587 2268 672 2345; x_wconf 77' lang='lat' dir='ltr'>Quid</span> <span class='ocrx_word' id='word_1_113' title='bbox 696 2270 779 2351; x_wconf 89' lang='lat' dir='ltr'>quod</span> <span class='ocrx_word' id='word_1_114' title='bbox 803 2278 912 2331; x_wconf 89' lang='lat' dir='ltr'>nostra</span> <span class='ocrx_word' id='word_1_115' title='bbox 936 2268 1093 2329; x_wconf 89' lang='lat' dir='ltr'>memoria</span> <span class='ocrx_word' id='word_1_116' title='bbox 1114 2286 1187 2344; x_wconf 89' lang='lat' dir='ltr'>per·</span> 
     </span>
     <span class='ocr_line' id='line_1_17' title="bbox 96 2382 1189 2470; baseline -0.005 -22"><span class='ocrx_word' id='word_1_117' title='bbox 96 2384 207 2449; x_wconf 86' lang='lat' dir='ltr'>rnultis</span> <span class='ocrx_word' id='word_1_118' title='bbox 229 2386 320 2447; x_wconf 89' lang='lat' dir='ltr'>deest</span> <span class='ocrx_word' id='word_1_119' title='bbox 343 2388 507 2464; x_wconf 87' lang='lat' dir='ltr'>persuasio</span> <span class='ocrx_word' id='word_1_120' title='bbox 531 2386 606 2466; x_wconf 88' lang='lat' dir='ltr'>illa,</span> <span class='ocrx_word' id='word_1_121' title='bbox 628 2390 680 2451; x_wconf 88' lang='lat' dir='ltr'>eui</span> <span class='ocrx_word' id='word_1_122' title='bbox 703 2394 924 2470; x_wconf 81' lang='lat' dir='ltr'>argumentum</span> <span class='ocrx_word' id='word_1_123' title='bbox 949 2407 968 2446; x_wconf 90' lang='lat' dir='ltr'>a</span> <span class='ocrx_word' id='word_1_124' title='bbox 990 2382 1189 2446; x_wconf 88' lang='lat' dir='ltr'>revelatione</span> 
     </span>
     <span class='ocr_line' id='line_1_18' title="bbox 95 2500 1189 2584; baseline -0.007 -17"><span class='ocrx_word' id='word_1_125' title='bbox 95 2508 229 2584; x_wconf 88' lang='lat' dir='ltr'>petitum</span> <span class='ocrx_word' id='word_1_126' title='bbox 261 2507 491 2582; x_wconf 85' lang='lat' dir='ltr'>superstruitur</span> <span class='ocrx_word' id='word_1_127' title='bbox 521 2515 553 2568; x_wconf 90' lang='lat' dir='ltr'>et</span> <span class='ocrx_word' id='word_1_128' title='bbox 585 2528 661 2568; x_wconf 90' lang='lat' dir='ltr'>vero</span> <span class='ocrx_word' id='word_1_129' title='bbox 695 2508 792 2568; x_wconf 87' lang='lat' dir='ltr'>etiam</span> <span class='ocrx_word' id='word_1_130' title='bbox 826 2500 989 2582; x_wconf 86' lang='lat' dir='ltr'>propalam</span> <span class='ocrx_word' id='word_1_131' title='bbox 1013 2508 1069 2563; x_wconf 89' lang='lat' dir='ltr'>aut</span> <span class='ocrx_word' id='word_1_132' title='bbox 1091 2501 1189 2560; x_wconf 84' lang='lat' dir='ltr'>tacite</span> 
     </span>
     <span class='ocr_line' id='line_1_19' title="bbox 96 2618 1190 2703; baseline -0.005 -19"><span class='ocrx_word' id='word_1_133' title='bbox 96 2625 166 2701; x_wconf 88' lang='lat' dir='ltr'>ipsa</span> <span class='ocrx_word' id='word_1_134' title='bbox 189 2622 229 2684; x_wconf 91' lang='lat' dir='ltr'>de</span> <span class='ocrx_word' id='word_1_135' title='bbox 252 2622 302 2682; x_wconf 87' lang='lat' dir='ltr'>dei</span> <span class='ocrx_word' id='word_1_136' title='bbox 327 2625 505 2685; x_wconf 84' lang='lat' dir='ltr'>existentia</span> <span class='ocrx_word' id='word_1_137' title='bbox 527 2628 692 2703; x_wconf 88' lang='lat' dir='ltr'>persuasio</span> <span class='ocrx_word' id='word_1_138' title='bbox 714 2633 770 2686; x_wconf 90' lang='lat' dir='ltr'>aut</span> <span class='ocrx_word' id='word_1_139' title='bbox 792 2623 924 2685; x_wconf 84' lang='lat' dir='ltr'>evanuit</span> <span class='ocrx_word' id='word_1_140' title='bbox 945 2620 993 2702; x_wconf 83' lang='lat' dir='ltr'>(id</span> <span class='ocrx_word' id='word_1_141' title='bbox 1017 2618 1098 2699; x_wconf 89' lang='lat' dir='ltr'>qnod</span> <span class='ocrx_word' id='word_1_142' title='bbox 1121 2638 1190 2678; x_wconf 85' lang='lat' dir='ltr'>sae·</span> 
     </span>
     <span class='ocr_line' id='line_1_20' title="bbox 98 2739 1188 2821; baseline -0.007 -19"><span class='ocrx_word' id='word_1_143' title='bbox 98 2761 272 2821; x_wconf 90' lang='lat' dir='ltr'>penumero</span> <span class='ocrx_word' id='word_1_144' title='bbox 304 2743 449 2805; x_wconf 87' lang='lat' dir='ltr'>maxima</span> <span class='ocrx_word' id='word_1_145' title='bbox 478 2764 551 2804; x_wconf 89' lang='lat' dir='ltr'>enm</span> <span class='ocrx_word' id='word_1_146' title='bbox 582 2743 795 2806; x_wconf 88' lang='lat' dir='ltr'>admiratione</span> <span class='ocrx_word' id='word_1_147' title='bbox 818 2749 850 2802; x_wconf 91' lang='lat' dir='ltr'>et</span> <span class='ocrx_word' id='word_1_148' title='bbox 874 2739 1096 2821; x_wconf 84' lang='lat' dir='ltr'>indignatione</span> <span class='ocrx_word' id='word_1_149' title='bbox 1119 2754 1188 2796; x_wconf 87' lang='lat' dir='ltr'>snm</span> 
     </span>
     <span class='ocr_line' id='line_1_21' title="bbox 97 2856 1260 2937; baseline -0.009 -18"><span class='ocrx_word' id='word_1_150' title='bbox 97 2856 266 2937; x_wconf 85' lang='lat' dir='ltr'>expertus)</span> <span class='ocrx_word' id='word_1_151' title='bbox 290 2865 345 2918; x_wconf 89' lang='lat' dir='ltr'>aut</span> <span class='ocrx_word' id='word_1_152' title='bbox 366 2880 403 2918; x_wconf 89' lang='lat' dir='ltr'>ea</span> <span class='ocrx_word' id='word_1_153' title='bbox 422 2858 606 2921; x_wconf 87' lang='lat' dir='ltr'>dominatur</span> <span class='ocrx_word' id='word_1_154' title='bbox 621 2859 672 2919; x_wconf 91' lang='lat' dir='ltr'>dei</span> <span class='ocrx_word' id='word_1_155' title='bbox 689 2860 788 2935; x_wconf 87' lang='lat' dir='ltr'>notio,</span> <span class='ocrx_word' id='word_1_156' title='bbox 813 2879 894 2934; x_wconf 89' lang='lat' dir='ltr'>quae</span> <span class='ocrx_word' id='word_1_157' title='bbox 907 2856 1001 2917; x_wconf 89' lang='lat' dir='ltr'>deum</span> <span class='ocrx_word' id='word_1_158' title='bbox 1020 2870 1188 2933; x_wconf 89' lang='lat' dir='ltr'>personam</span> <span class='ocrx_word' id='word_1_159' title='bbox 1251 2872 1260 2887; x_wconf 77' lang='grc'><em>·</em></span> 
     </span>
     <span class='ocr_line' id='line_1_22' title="bbox 99 2968 1191 3060; baseline -0.008 -25"><span class='ocrx_word' id='word_1_160' title='bbox 99 2970 196 3035; x_wconf 90' lang='lat' dir='ltr'>tollat</span> <span class='ocrx_word' id='word_1_161' title='bbox 217 2978 311 3060; x_wconf 86' lang='lat' dir='ltr'>atque</span> <span class='ocrx_word' id='word_1_162' title='bbox 335 2976 401 3048; x_wconf 89' lang='lat' dir='ltr'>ita,</span> <span class='ocrx_word' id='word_1_163' title='bbox 425 2981 460 3035; x_wconf 92' lang='lat' dir='ltr'>ut</span> <span class='ocrx_word' id='word_1_164' title='bbox 477 2975 561 3036; x_wconf 86' lang='lat' dir='ltr'>inira</span> <span class='ocrx_word' id='word_1_165' title='bbox 576 2985 663 3036; x_wconf 86' lang='lat' dir='ltr'>certe</span> <span class='ocrx_word' id='word_1_166' title='bbox 679 2995 734 3052; x_wconf 87' lang='lat' dir='ltr'>per</span> <span class='ocrx_word' id='word_1_167' title='bbox 748 2982 956 3037; x_wconf 87' lang='lat' dir='ltr'>transennam</span> <span class='ocrx_word' id='word_1_168' title='bbox 974 2968 1191 3041; x_wconf 86' lang='lat' dir='ltr'>ostendemus,</span> 
     </span>
    </p>
   </div>
   <div class='ocr_carea' id='block_1_3' title="bbox 97 3088 1192 3174">
    <p class='ocr_par' dir='ltr' id='par_1_3' title="bbox 97 3088 1192 3174">
     <span class='ocr_line' id='line_1_23' title="bbox 97 3088 1192 3174; baseline -0.007 -22"><span class='ocrx_word' id='word_1_169' title='bbox 97 3092 193 3153; x_wconf 91' lang='lat' dir='ltr'>deum</span> <span class='ocrx_word' id='word_1_170' title='bbox 217 3093 319 3169; x_wconf 87' lang='lat' dir='ltr'>ipsum</span> <span class='ocrx_word' id='word_1_171' title='bbox 343 3089 383 3151; x_wconf 93' lang='lat' dir='ltr'>ad</span> <span class='ocrx_word' id='word_1_172' title='bbox 407 3088 542 3154; x_wconf 88' lang='lat' dir='ltr'>nihilum</span> <span class='ocrx_word' id='word_1_173' title='bbox 558 3091 693 3173; x_wconf 83' lang='lat' dir='ltr'>redigat.</span> <span class='ocrx_word' id='word_1_174' title='bbox 739 3089 895 3166; x_wconf 78' lang='lat' dir='ltr'>Quamvis</span> <span class='ocrx_word' id='word_1_175' title='bbox 911 3092 1008 3174; x_wconf 79' lang='lat' dir='ltr'>igitur</span> <span class='ocrx_word' id='word_1_176' title='bbox 1023 3104 1192 3168; x_wconf 80' lang='lat' dir='ltr'>argumen-</span> 
     </span>
    </p>
   </div>
   <div class='ocr_carea' id='block_1_4' title="bbox 97 3336 1192 3750">
    <p class='ocr_par' dir='ltr' id='par_1_4' title="bbox 97 3336 1192 3750">
     <span class='ocr_line' id='line_1_24' title="bbox 167 3336 1190 3409; baseline -0.011 -15"><span class='ocrx_word' id='word_1_177' title='bbox 167 3344 195 3408; x_wconf 72' lang='lat' dir='ltr'>*l</span> <span class='ocrx_word' id='word_1_178' title='bbox 215 3344 414 3409; x_wconf 81' lang='lat' dir='ltr'>Quemquamne</span> <span class='ocrx_word' id='word_1_179' title='bbox 434 3345 481 3392; x_wconf 90' lang='lat' dir='ltr'>hoe</span> <span class='ocrx_word' id='word_1_180' title='bbox 500 3347 600 3409; x_wconf 87' lang='lat' dir='ltr'>quidem</span> <span class='ocrx_word' id='word_1_181' title='bbox 618 3336 821 3394; x_wconf 60' lang='lat' dir='ltr'>loeo&#39;obliaione</span> <span class='ocrx_word' id='word_1_182' title='bbox 841 3351 881 3392; x_wconf 88' lang='lat' dir='ltr'>est</span> <span class='ocrx_word' id='word_1_183' title='bbox 901 3340 1105 3398; x_wconf 85' lang='lat' dir='ltr'>oblitterandum,</span> <span class='ocrx_word' id='word_1_184' title='bbox 1124 3336 1190 3401; x_wconf 87' lang='lat' dir='ltr'>quod</span> 
     </span>
     <span class='ocr_line' id='line_1_25' title="bbox 98 3421 1190 3493; baseline -0.008 -15"><span class='ocrx_word' id='word_1_185' title='bbox 98 3427 192 3478; x_wconf 87' lang='lat' dir='ltr'>ubido</span> <span class='ocrx_word' id='word_1_186' title='bbox 211 3426 617 3492; x_wconf 80' lang='lat' dir='ltr'>eausisrotionnlilmsalieujus</span> <span class='ocrx_word' id='word_1_187' title='bbox 643 3431 682 3479; x_wconf 89' lang='lat' dir='ltr'>rei</span> <span class='ocrx_word' id='word_1_188' title='bbox 707 3430 780 3479; x_wconf 83' lang='lat' dir='ltr'>fidem</span> <span class='ocrx_word' id='word_1_189' title='bbox 799 3428 907 3493; x_wconf 84' lang='lat' dir='ltr'>amplexi</span> <span class='ocrx_word' id='word_1_190' title='bbox 928 3440 1029 3485; x_wconf 83' lang='lat' dir='ltr'>smnus,</span> <span class='ocrx_word' id='word_1_191' title='bbox 1058 3421 1150 3472; x_wconf 89' lang='lat' dir='ltr'>nemini</span> <span class='ocrx_word' id='word_1_192' title='bbox 1168 3421 1190 3470; x_wconf 91' lang='lat' dir='ltr'>si</span> 
     </span>
     <span class='ocr_line' id='line_1_26' title="bbox 98 3507 1192 3578; baseline -0.008 -15"><span class='ocrx_word' id='word_1_193' title='bbox 98 3529 185 3563; x_wconf 88' lang='lat' dir='ltr'>verum</span> <span class='ocrx_word' id='word_1_194' title='bbox 204 3514 364 3578; x_wconf 85' lang='lat' dir='ltr'>quaerimus,</span> <span class='ocrx_word' id='word_1_195' title='bbox 383 3513 456 3564; x_wconf 83' lang='lat' dir='ltr'>iidem</span> <span class='ocrx_word' id='word_1_196' title='bbox 475 3514 633 3578; x_wconf 80' lang='lat' dir='ltr'>adjungimus</span> <span class='ocrx_word' id='word_1_197' title='bbox 652 3515 699 3563; x_wconf 90' lang='lat' dir='ltr'>nisi</span> <span class='ocrx_word' id='word_1_198' title='bbox 718 3513 809 3563; x_wconf 90' lang='lat' dir='ltr'>rationi</span> <span class='ocrx_word' id='word_1_199' title='bbox 827 3514 963 3578; x_wconf 81' lang='lat' dir='ltr'>propriae.</span> <span class='ocrx_word' id='word_1_200' title='bbox 1000 3510 1036 3561; x_wconf 80' lang='lat' dir='ltr'>En</span> <span class='ocrx_word' id='word_1_201' title='bbox 1061 3507 1121 3568; x_wconf 88' lang='lat' dir='ltr'>tihi,</span> <span class='ocrx_word' id='word_1_202' title='bbox 1147 3521 1192 3556; x_wconf 88' lang='lat' dir='ltr'>eur</span> 
     </span>
     <span class='ocr_line' id='line_1_27' title="bbox 98 3594 1191 3666; baseline -0.008 -17"><span class='ocrx_word' id='word_1_203' title='bbox 98 3615 170 3649; x_wconf 84' lang='lat' dir='ltr'>nemo</span> <span class='ocrx_word' id='word_1_204' title='bbox 191 3600 339 3664; x_wconf 87' lang='lat' dir='ltr'>quisquam,</span> <span class='ocrx_word' id='word_1_205' title='bbox 369 3600 441 3649; x_wconf 89' lang='lat' dir='ltr'>modo</span> <span class='ocrx_word' id='word_1_206' title='bbox 471 3601 563 3651; x_wconf 89' lang='lat' dir='ltr'>suimet</span> <span class='ocrx_word' id='word_1_207' title='bbox 589 3601 668 3666; x_wconf 88' lang='lat' dir='ltr'>ipsius</span> <span class='ocrx_word' id='word_1_208' title='bbox 694 3600 729 3649; x_wconf 85' lang='lat' dir='ltr'>sit</span> <span class='ocrx_word' id='word_1_209' title='bbox 752 3600 883 3660; x_wconf 80' lang='lat' dir='ltr'>conscius,</span> <span class='ocrx_word' id='word_1_210' title='bbox 910 3598 972 3647; x_wconf 88' lang='lat' dir='ltr'>alibi</span> <span class='ocrx_word' id='word_1_211' title='bbox 990 3612 1018 3646; x_wconf 89' lang='lat' dir='ltr'>se</span> <span class='ocrx_word' id='word_1_212' title='bbox 1037 3594 1081 3643; x_wconf 85' lang='lat' dir='ltr'>niti</span> <span class='ocrx_word' id='word_1_213' title='bbox 1104 3599 1191 3657; x_wconf 87' lang='lat' dir='ltr'>putare</span> 
     </span>
     <span class='ocr_line' id='line_1_28' title="bbox 97 3678 1190 3750; baseline -0.008 -15"><span class='ocrx_word' id='word_1_214' title='bbox 97 3693 181 3750; x_wconf 85' lang='lat' dir='ltr'>queat,</span> <span class='ocrx_word' id='word_1_215' title='bbox 203 3693 277 3750; x_wconf 80' lang='lat' dir='ltr'>utque</span> <span class='ocrx_word' id='word_1_216' title='bbox 297 3685 322 3734; x_wconf 92' lang='lat' dir='ltr'>in</span> <span class='ocrx_word' id='word_1_217' title='bbox 340 3685 445 3734; x_wconf 87' lang='lat' dir='ltr'>rationis</span> <span class='ocrx_word' id='word_1_218' title='bbox 463 3688 613 3736; x_wconf 81' lang='lat' dir='ltr'>auctoritate</span> <span class='ocrx_word' id='word_1_219' title='bbox 631 3687 650 3737; x_wconf 89' lang='lat' dir='ltr'>i.</span> <span class='ocrx_word' id='word_1_220' title='bbox 670 3701 692 3735; x_wconf 93' lang='lat' dir='ltr'>e.</span> <span class='ocrx_word' id='word_1_221' title='bbox 714 3685 777 3735; x_wconf 89' lang='lat' dir='ltr'>nihil</span> <span class='ocrx_word' id='word_1_222' title='bbox 795 3683 864 3733; x_wconf 87' lang='lat' dir='ltr'>aliud</span> <span class='ocrx_word' id='word_1_223' title='bbox 882 3684 917 3734; x_wconf 90' lang='lat' dir='ltr'>sit</span> <span class='ocrx_word' id='word_1_224' title='bbox 934 3697 1006 3747; x_wconf 88' lang='lat' dir='ltr'>quam</span> <span class='ocrx_word' id='word_1_225' title='bbox 1024 3678 1190 3730; x_wconf 82' lang='lat' dir='ltr'>rationalista.</span> 
     </span>
    </p>
   </div>
   <div class='ocr_carea' id='block_1_5' title="bbox 96 3778 1193 4449">
    <p class='ocr_par' dir='ltr' id='par_1_5' title="bbox 96 3778 1193 4449">
     <span class='ocr_line' id='line_1_29' title="bbox 149 3778 1191 3854; baseline -0.011 -18"><span class='ocrx_word' id='word_1_226' title='bbox 149 3786 194 3854; x_wconf 83' lang='grc'>**)</span> <span class='ocrx_word' id='word_1_227' title='bbox 215 3785 319 3851; x_wconf 87' lang='lat' dir='ltr'>Saepius</span> <span class='ocrx_word' id='word_1_228' title='bbox 338 3788 369 3837; x_wconf 89' lang='lat' dir='ltr'>ad</span> <span class='ocrx_word' id='word_1_229' title='bbox 389 3788 463 3838; x_wconf 87' lang='lat' dir='ltr'>istum</span> <span class='ocrx_word' id='word_1_230' title='bbox 481 3790 564 3839; x_wconf 82' lang='lat' dir='ltr'>locum</span> <span class='ocrx_word' id='word_1_231' title='bbox 590 3788 736 3853; x_wconf 77' lang='lat' dir='ltr'>provocavit</span> <span class='ocrx_word' id='word_1_232' title='bbox 757 3786 891 3850; x_wconf 78' lang='lat' dir='ltr'>Hegelius,</span> <span class='ocrx_word' id='word_1_233' title='bbox 916 3798 989 3849; x_wconf 89' lang='lat' dir='ltr'>quem</span> <span class='ocrx_word' id='word_1_234' title='bbox 1010 3782 1040 3832; x_wconf 87' lang='lat' dir='ltr'>ad</span> <span class='ocrx_word' id='word_1_235' title='bbox 1059 3778 1191 3842; x_wconf 77' lang='lat' dir='ltr'>religionis</span> 
     </span>
     <span class='ocr_line' id='line_1_30' title="bbox 98 3862 1193 3939; baseline -0.01 -17"><span class='ocrx_word' id='word_1_236' title='bbox 98 3888 196 3938; x_wconf 90' lang='lat' dir='ltr'>quoque</span> <span class='ocrx_word' id='word_1_237' title='bbox 214 3873 413 3939; x_wconf 73' lang='lat' dir='ltr'>irrtelle‘qentiam</span> <span class='ocrx_word' id='word_1_238' title='bbox 431 3876 520 3925; x_wconf 85' lang='lat' dir='ltr'>sedulo</span> <span class='ocrx_word' id='word_1_239' title='bbox 539 3874 681 3939; x_wconf 85' lang='lat' dir='ltr'>adspirasse</span> <span class='ocrx_word' id='word_1_240' title='bbox 706 3873 731 3921; x_wconf 91' lang='lat' dir='ltr'>in</span> <span class='ocrx_word' id='word_1_241' title='bbox 758 3872 848 3933; x_wconf 81' lang='lat' dir='ltr'>vulgus</span> <span class='ocrx_word' id='word_1_242' title='bbox 867 3871 923 3921; x_wconf 87' lang='lat' dir='ltr'>lere</span> <span class='ocrx_word' id='word_1_243' title='bbox 943 3877 982 3919; x_wconf 86' lang='lat' dir='ltr'>est</span> <span class='ocrx_word' id='word_1_244' title='bbox 1000 3874 1083 3917; x_wconf 88' lang='lat' dir='ltr'>notum</span> <span class='ocrx_word' id='word_1_245' title='bbox 1103 3862 1150 3928; x_wconf 87' lang='lat' dir='ltr'>(el.</span> <span class='ocrx_word' id='word_1_246' title='bbox 1169 3877 1193 3912; x_wconf 89' lang='lat' dir='ltr'>v.</span> 
     </span>
     <span class='ocr_line' id='line_1_31' title="bbox 97 3948 1192 4026; baseline -0.009 -21"><span class='ocrx_word' id='word_1_247' title='bbox 97 3973 120 4005; x_wconf 91' lang='lat' dir='ltr'>e.</span> <span class='ocrx_word' id='word_1_248' title='bbox 140 3957 243 4020; x_wconf 84' lang='lat' dir='ltr'>Eneyel.</span> <span class='ocrx_word' id='word_1_249' title='bbox 265 3955 290 4023; x_wconf 87' lang='lat'>§.</span> <span class='ocrx_word' id='word_1_250' title='bbox 308 3962 351 4010; x_wconf 87' lang='lat'>77.</span> <span class='ocrx_word' id='word_1_251' title='bbox 372 3959 452 4026; x_wconf 83' lang='lat' dir='ltr'>nota).</span> <span class='ocrx_word' id='word_1_252' title='bbox 493 3959 610 4009; x_wconf 88' lang='lat' dir='ltr'>Ceterum</span> <span class='ocrx_word' id='word_1_253' title='bbox 632 3958 784 4021; x_wconf 75' lang='lat' dir='ltr'>Augustinus</span> <span class='ocrx_word' id='word_1_254' title='bbox 809 3952 899 4022; x_wconf 78' lang='lat' dir='ltr'>snepe&#39;</span> <span class='ocrx_word' id='word_1_255' title='bbox 913 3956 1017 4004; x_wconf 88' lang='lat' dir='ltr'>eandem</span> <span class='ocrx_word' id='word_1_256' title='bbox 1044 3948 1192 4000; x_wconf 85' lang='lat' dir='ltr'>sententiam</span> 
     </span>
     <span class='ocr_line' id='line_1_32' title="bbox 101 4034 1192 4111; baseline -0.006 -23"><span class='ocrx_word' id='word_1_257' title='bbox 101 4041 228 4104; x_wconf 86' lang='lat' dir='ltr'>eloquitur</span> <span class='ocrx_word' id='word_1_258' title='bbox 247 4042 280 4092; x_wconf 85' lang='lat' dir='ltr'>el.</span> <span class='ocrx_word' id='word_1_259' title='bbox 300 4043 325 4092; x_wconf 92' lang='lat' dir='ltr'>in</span> <span class='ocrx_word' id='word_1_260' title='bbox 343 4045 432 4111; x_wconf 76' lang='lat' dir='ltr'>loann.</span> <span class='ocrx_word' id='word_1_261' title='bbox 452 4052 553 4094; x_wconf 77' lang='lat' dir='ltr'>tractat.</span> <span class='ocrx_word' id='word_1_262' title='bbox 571 4044 613 4096; x_wconf 83' lang='lat'>29.</span> <span class='ocrx_word' id='word_1_263' title='bbox 632 4041 658 4107; x_wconf 83' lang='lat'>§.</span> <span class='ocrx_word' id='word_1_264' title='bbox 677 4044 703 4095; x_wconf 80' lang='lat' dir='ltr'>a.</span> <span class='ocrx_word' id='word_1_265' title='bbox 728 4081 744 4104; x_wconf 87' lang='lat'>‚‚</span> <span class='ocrx_word' id='word_1_266' title='bbox 754 4043 899 4092; x_wconf 76' lang='lat' dir='ltr'>intellectus</span> <span class='ocrx_word' id='word_1_267' title='bbox 924 4053 1022 4090; x_wconf 81' lang='lat' dir='ltr'>meroes</span> <span class='ocrx_word' id='word_1_268' title='bbox 1044 4043 1084 4086; x_wconf 88' lang='lat' dir='ltr'>est</span> <span class='ocrx_word' id='word_1_269' title='bbox 1101 4034 1192 4084; x_wconf 85' lang='lat' dir='ltr'>hdei“.</span> 
     </span>
     <span class='ocr_line' id='line_1_33' title="bbox 100 4119 1192 4193; baseline -0.006 -19"><span class='ocrx_word' id='word_1_270' title='bbox 100 4124 134 4175; x_wconf 82' lang='lat' dir='ltr'>ef.</span> <span class='ocrx_word' id='word_1_271' title='bbox 154 4126 266 4175; x_wconf 88' lang='lat' dir='ltr'>Liebner</span> <span class='ocrx_word' id='word_1_272' title='bbox 285 4128 315 4176; x_wconf 91' lang='lat' dir='ltr'>de</span> <span class='ocrx_word' id='word_1_273' title='bbox 335 4131 438 4193; x_wconf 79' lang='lat' dir='ltr'>Hugone</span> <span class='ocrx_word' id='word_1_274' title='bbox 456 4130 560 4180; x_wconf 77' lang='lat' dir='ltr'>Victore</span> <span class='ocrx_word' id='word_1_275' title='bbox 578 4145 601 4193; x_wconf 88' lang='lat' dir='ltr'>p.</span> <span class='ocrx_word' id='word_1_276' title='bbox 621 4130 671 4179; x_wconf 80' lang='lat'>173</span> <span class='ocrx_word' id='word_1_277' title='bbox 692 4142 755 4193; x_wconf 86' lang='lat' dir='ltr'>seq,</span> <span class='ocrx_word' id='word_1_278' title='bbox 777 4135 804 4177; x_wconf 83' lang='lat' dir='ltr'>ut</span> <span class='ocrx_word' id='word_1_279' title='bbox 821 4135 918 4177; x_wconf 85' lang='lat' dir='ltr'>taceam</span> <span class='ocrx_word' id='word_1_280' title='bbox 935 4123 1102 4179; x_wconf 75' lang='lat' dir='ltr'>Abaelardum</span> <span class='ocrx_word' id='word_1_281' title='bbox 1120 4119 1192 4169; x_wconf 86' lang='lat' dir='ltr'>illius</span> 
     </span>
     <span class='ocr_line' id='line_1_34' title="bbox 99 4208 1192 4276; baseline -0.005 -16"><span class='ocrx_word' id='word_1_282' title='bbox 99 4211 190 4260; x_wconf 83' lang='lat' dir='ltr'>aetatis</span> <span class='ocrx_word' id='word_1_283' title='bbox 209 4211 287 4261; x_wconf 86' lang='lat' dir='ltr'>lacile</span> <span class='ocrx_word' id='word_1_284' title='bbox 306 4212 470 4265; x_wconf 88' lang='lat' dir='ltr'>liberrimum.</span> <span class='ocrx_word' id='word_1_285' title='bbox 495 4243 530 4251; x_wconf 89' lang='lat'><em>-</em></span> <span class='ocrx_word' id='word_1_286' title='bbox 565 4213 724 4264; x_wconf 83' lang='lat' dir='ltr'>Tralatitium</span> <span class='ocrx_word' id='word_1_287' title='bbox 750 4219 790 4262; x_wconf 87' lang='lat' dir='ltr'>est</span> <span class='ocrx_word' id='word_1_288' title='bbox 814 4219 913 4271; x_wconf 85' lang='lat' dir='ltr'>autem,</span> <span class='ocrx_word' id='word_1_289' title='bbox 939 4211 1017 4276; x_wconf 86' lang='lat' dir='ltr'>ipsam</span> <span class='ocrx_word' id='word_1_290' title='bbox 1044 4208 1192 4272; x_wconf 77' lang='lat' dir='ltr'>scripturam</span> 
     </span>
     <span class='ocr_line' id='line_1_35' title="bbox 96 4285 1192 4362; baseline -0.007 -16"><span class='ocrx_word' id='word_1_291' title='bbox 96 4285 162 4346; x_wconf 79' lang='lat' dir='ltr'>saer.</span> <span class='ocrx_word' id='word_1_292' title='bbox 184 4311 365 4362; x_wconf 89' lang='lat' dir='ltr'>saepenumero</span> <span class='ocrx_word' id='word_1_293' title='bbox 388 4298 452 4348; x_wconf 90' lang='lat' dir='ltr'>viam</span> <span class='ocrx_word' id='word_1_294' title='bbox 476 4300 624 4351; x_wconf 82' lang='lat' dir='ltr'>rationalem</span> <span class='ocrx_word' id='word_1_295' title='bbox 650 4304 861 4357; x_wconf 82' lang='lat' dir='ltr'>eomraonstrare,</span> <span class='ocrx_word' id='word_1_296' title='bbox 890 4311 938 4360; x_wconf 93' lang='lat' dir='ltr'>qua</span> <span class='ocrx_word' id='word_1_297' title='bbox 965 4296 1077 4344; x_wconf 87' lang='lat' dir='ltr'>homines</span> <span class='ocrx_word' id='word_1_298' title='bbox 1100 4293 1131 4341; x_wconf 89' lang='lat' dir='ltr'>ad</span> <span class='ocrx_word' id='word_1_299' title='bbox 1151 4290 1192 4339; x_wconf 88' lang='lat' dir='ltr'>dei</span> 
     </span>
     <span class='ocr_line' id='line_1_36' title="bbox 98 4379 1045 4449; baseline 0 -18"><span class='ocrx_word' id='word_1_300' title='bbox 98 4383 220 4433; x_wconf 81' lang='lat' dir='ltr'>exstantis</span> <span class='ocrx_word' id='word_1_301' title='bbox 240 4383 420 4434; x_wconf 79' lang='lat' dir='ltr'>conscientiam</span> <span class='ocrx_word' id='word_1_302' title='bbox 439 4387 592 4449; x_wconf 83' lang='lat' dir='ltr'>perveniant.</span> <span class='ocrx_word' id='word_1_303' title='bbox 628 4385 662 4435; x_wconf 84' lang='lat' dir='ltr'>el.</span> <span class='ocrx_word' id='word_1_304' title='bbox 681 4383 789 4435; x_wconf 86' lang='lat' dir='ltr'>Strauss.</span> <span class='ocrx_word' id='word_1_305' title='bbox 808 4383 895 4446; x_wconf 79' lang='lat' dir='ltr'>Dogm.</span> <span class='ocrx_word' id='word_1_306' title='bbox 914 4381 934 4431; x_wconf 89' lang='lat' dir='ltr'>l.</span> <span class='ocrx_word' id='word_1_307' title='bbox 956 4379 984 4445; x_wconf 60' lang='lat' dir='ltr'>t.</span> <span class='ocrx_word' id='word_1_308' title='bbox 1003 4383 1045 4431; x_wconf 83' lang='lat'>21.</span> 
     </span>
    </p>
   </div>
   <div class='ocr_carea' id='block_1_6' title="bbox 0 0 1526 5376">
    <p class='ocr_par' dir='ltr' id='par_1_6' title="bbox 0 0 1526 5376">
     <span class='ocr_line' id='line_1_37' title="bbox 0 0 1526 5376; baseline 0 0"><span class='ocrx_word' id='word_1_309' title='bbox 0 0 1526 5376; x_wconf 95' lang='lat' dir='ltr'> </span> 
     </span>
    </p>
   </div>
  </div>
 </body>
</html>
