3044 5376
524 455 782 518 ...3,

78 633 216 709 cipitato
240 650 334 709 saepe
353 630 479 712 judicio
500 630 636 714 abjicit,
661 635 774 695 intima
793 653 866 696 mea
883 641 1091 714 persuasione
1108 638 1178 703 nul·

79 747 146 811 lum
179 747 268 811 aliud
297 752 349 809 est
378 745 539 812 libertatis
568 750 785 829 capessendae
814 761 848 814 et
877 760 966 815 recta
988 753 1176 838 dirigendae

77 866 275 944 praesidium
308 864 371 926 nisi
400 863 621 948 philosophiae
658 877 691 930 et
724 865 923 933 theoreticae
953 877 986 932 et
1015 873 1175 949 practicae

75 986 280 1046 conscientia
301 1003 529 1063 usquequaque
553 992 585 1048 et
607 984 766 1065 profunde
783 989 941 1059 excitata3
964 994 1073 1050 tamen
1091 1009 1174 1053 nunc

75 1101 208 1179 quidem
231 1097 330 1163 verbo
352 1099 384 1161 id
408 1102 571 1165 monuisse
590 1106 688 1187 juvat
713 1105 772 1182 iis,
802 1102 917 1197 quibus
945 1102 1083 1167 forsitan
1112 1081 1173 1170 hoc

74 1220 147 1296 ipso
173 1218 304 1279 nomine
326 1214 405 1277 haec
428 1225 538 1281 nostra
566 1223 700 1301 scriptio
730 1222 764 1281 in
786 1238 916 1302 gravem
939 1222 1098 1299 quandam
1121 1244 1172 1286 re·

74 1330 327 1409 prehensinnem
352 1334 516 1397 incurrere
537 1321 699 1400 videatur.

165 1448 294 1513 Etenim
315 1449 404 1514 aliud
428 1452 502 1539 quid
527 1462 665 1543 mentem
688 1460 835 1532 occupat,
859 1452 943 1533 qnod
964 1452 1061 1538 longe
1082 1453 1170 1518 dilli-

75 1566 173 1630 cilius
199 1568 302 1630 videri
324 1571 426 1648 possit
447 1569 488 1630 ad
510 1568 761 1647 expediendum.
802 1567 965 1632 Nimirum
986 1569 1049 1634 hoc
1066 1572 1182 1652 nobis„

74 1686 263 1763 scriptionis
297 1687 391 1748 istius
425 1687 665 1766 opportunitate
694 1684 822 1765 oblata,
858 1691 1099 1767 proposuimus,
1136 1698 1173 1755 nt

72 1811 266 1885 argumenta
295 1824 353 1882 pro
385 1804 437 1866 dei
468 1801 687 1883 existentia*)
717 1802 818 1867 allata
848 1803 957 1883 paullo
982 1804 1171 1888 diligentins

11 1902 14 1908 ¹
70 1921 229 1984 rimamur
257 1928 290 1984 et
320 1890 577 2006 quandoquidem
608 1921 734 1996 ursinis,
765 1940 898 1999 quorum
922 1922 1070 1983 notitiam
1093 1942 1170 1983 nnn·

72 2037 257 2115 traximus,
280 2059 300 2100 a
321 2059 401 2100 vero
423 2039 577 2100 recedere
596 2056 781 2115 persuasum
797 2035 970 2124 habemus,
994 2059 1112 2101 novum
1128 2038 1170 2101 ad

69 2151 286 2234 judicandum
309 2175 536 2233 expromamus
559 2162 792 2238 argumentum.
836 2151 1046 2218 Atenimvero
1064 2155 1169 2219 videri

72 2268 171 2332 nobis
203 2270 347 2334 videmur
374 2271 489 2337 nubem
519 2292 649 2350 eorum,
684 2275 739 2351 qui
769 2274 829 2334 toti
857 2269 932 2334 huic
965 2271 1102 2335 consilio
1133 2282 1170 2336 ut

72 2386 186 2450 inutili
201 2397 234 2452 et
247 2410 485 2471 supervacaneo
501 2389 704 2482 refragentur
717 2397 812 2469 atquc
826 2407 899 2451 cnm
913 2388 1026 2451 eodem
1039 2392 1168 2468 timore,

73 2525 138 2586 qno
154 2502 332 2570 annnrus
348 2505 592 2591 (Vorlemsgcn
607 2504 688 2570 tiber
701 2506 762 2570 dns
776 2505 907 2577 Daseia
924 2503 1053 2585 (instes,
1069 2524 1168 2584 opera

74 2621 154 2687 Xll.
177 2646 208 2704 p.
224 2625 309 2706 292)
331 2623 503 2705 aliquando
524 2623 681 2688 lectiones
702 2644 778 2687 snas
799 2625 840 2687 de
853 2623 908 2686 dei
924 2624 1103 2686 existentia
1118 2630 1169 2687 cst

72 2762 232 2820 exorsus,
262 2762 303 2805 ne
325 2762 598 2822 supervacaneum
620 2742 771 2823 quiddam
800 2728 963 2821 suscipere
993 2738 1168 2817 videretur,

7 2850 13 2879 ³
73 2879 126 2921 me
144 2879 270 2938 quoque
285 2857 326 2919 ad
346 2857 428 2920 hanc
444 2862 649 2938 scriptionem
673 2861 848 2921 accessisse
863 2855 966 2919 libare
981 2860 1014 2917 et
1029 2856 1169 2936 ingenae

49 2971 243 3036 confiteor.
287 2973 357 3037 Alii
385 2947 472 3039 enim
502 2976 536 3037 id
558 2977 661 3053 ipsum
685 2972 896 3038 vehementer
916 2967 1167 3049 reprehendunt,

72 3093 102 3153 si
127 3093 200 3170 quis
221 3089 390 3174 theologus
420 3091 474 3153 dei
501 3093 716 3155 existentiam*
741 3086 940 3171 mgnmentis
969 3084 1166 3166 probandam

53 3200 227 3288 suscipit,
249 3209 364 3289 qnippe
386 3207 471 3288 quod
493 3206 647 3291 theologo
668 3214 764 3271 extra
786 3225 915 3269 omnem
932 3202 1166 3267 dubitationem

73 3327 215 3404 positum
244 3347 315 3389 esse
342 3325 467 3390 debeat.
519 3324 568 3390 lta
598 3323 785 3388 Raraunum.
813 3326 848 3386 in
877 3319 1030 3403 Dogmat.
1060 3319 1167 3399 (adid.

72 3439 215 3505 &acan
238 3449 271 3505 et
292 3442 447 3524 Sericus)
469 3447 497 3520 9.
520 3448 590 3521 30„
619 3441 675 3505 ubi
703 3446 891 3524 arguments
919 3440 983 3500 ista
1012 3436 1045 3498 si'
1063 3455 1169 3498 none

72 3557 259 3642 theologia,
288 3567 324 3624 at
344 3567 431 3624 certe
453 3582 471 3623 a
494 3560 675 3644 dogmatica
696 3559 842 3622 doctrina
862 3552 1059 3618 semovenda
1078 3551 1150 3616 arbi

140 3879 170 3950 ⁴)
191 3881 274 3932 Probe
285 3882 340 3931 scio
355 3879 459 3930 latim
472 3879 611 3943 scriptores
629 3879 744 3928 melioris
761 3884 835 3936 notae
847 3876 912 3926 hanc
925 3887 1013 3925 socan
1029 3887 1078 3921 non
1092 3885 1167 3920 usur-

73 3979 155 4028 passe.
192 3966 266 4028 „Sed
287 3966 314 4015 in
334 3972 403 4015 tanta
418 3964 554 4015 verborum
571 3968 684 4027 aptorum
701 3962 806 4029 penuria
822 3960 930 4011 dandum
943 3964 985 4007 est
997 3955 1095 4020 aliquid
1106 3969 1167 4003 cun-

71 4051 217 4113 auctumni,
235 4049 383 4116 pracsertim
399 4049 423 4098 si
441 4055 493 4099 tun
513 4049 624 4099 brevitas
641 4056 693 4098 tan
712 4047 877 4112 perspicuitas
898 4037 1167 4101 marciniacensis

70 4132 138 4183 llaec
159 4132 315 4186 Stsllbsnrsii
333 4133 460 4201 (Platorii
478 4147 555 4199 opera
572 4132 629 4185 Vol.
648 4132 668 4183 l.
693 4131 761 4183 Soet.
781 4130 802 4182 l.
826 4126 907 4197 praei.
924 4139 947 4190 p.
967 4123 1065 4191 xxii.)
1089 4123 1167 4173 verba

70 4231 101 4265 co
119 4220 275 4284 promptiora
292 4220 374 4270 anino
392 4217 459 4268 lucie
477 4232 541 4279 nas,
560 4218 628 4283 quad
645 4224 672 4269 ct
689 4223 837 4283 praeceptor
854 4225 925 4263 meus
942 4208 992 4259 init
1008 4221 1104 4258 sumne
1122 4220 1167 4255 ra-

70 4303 227 4353 revercndss
250 4311 278 4355 es
299 4304 422 4354 amussis
439 4304 545 4354 Latine
569 4301 680 4354 mirabili
702 4302 809 4366 qudam
828 4296 963 4364 splendore
984 4294 1048 4343 nitet
1067 4299 1095 4341 as
1111 4290 1166 4341 sin·

72 4387 189 4437 caritate.

917 4479 959 4542 ¹*
