3044 5376
511 497 764 564 ...45-

17 682 21 715 l
85 680 158 736 turn
172 674 244 751 niti,
268 673 349 753 qnod
372 695 469 741 unum
491 695 509 741 e
531 670 782 752 perfectionibus
804 672 937 737 baberet
953 675 1180 741 existentrsmr

17 798 19 833 l
86 797 200 853 tumen
227 811 342 855 revers
376 789 450 853 inde
480 788 694 871 proficiscitur
727 794 801 873 ejus
830 795 1064 876 argumentatio
1086 802 1180 875 utque

17 930 18 939 ¹
86 906 165 969 inde
189 916 238 969 est
257 905 445 989 judieundu.

174 1137 340 1205 Curtesius
355 1138 460 1201 denno
470 1136 616 1202 Anselmi
632 1146 755 1202 sentent
762 1140 824 1203 ium
841 1139 1078 1221 disquirendum
1092 1165 1180 1208 sunr-

85 1257 129 1320 sit
151 1278 209 1320 nee
229 1265 309 1334 erut,
332 1277 389 1318 our
412 1255 612 1318 Pnsrnunus
636 1256 669 1317 in
693 1252 775 1318 libro
797 1256 1040 1340 „timerium
1059 1269 1137 1325 tom.
1154 1263 1177 1326 l.

85 1393 115 1450 p.
145 1378 216 1437 rso.
249 1371 427 1450 dubitaret,
456 1393 529 1435 omn
554 1370 700 1434 Anselmi
722 1377 860 1457 vestigio
883 1378 1062 1454 pressisset.
1106 1377 1178 1458 lpse

84 1497 195 1553 nutem
217 1492 251 1551 in
274 1491 507 1569 „responsione
529 1488 569 1550 ud
589 1489 710 1573 primus
726 1485 948 1570 objectiones“
971 1513 1001 1570 p.
1018 1499 1069 1556 bt).
1091 1496 1179 1574 (utor

83 1607 228 1669 editione
257 1605 491 1670 Amstelodam.
523 1627 579 1684 eu,
614 1627 695 1686 quse
727 1628 744 1668 e
776 1607 990 1690 typographis
1018 1609 1178 1676 Bluviunu

85 1729 225 1789 suess
248 1725 382 1804 prodiit)
406 1723 510 1801 lorum
532 1723 661 1786 videtur
684 1726 899 1804 constituere,
930 1748 1022 1804 quem
1044 1729 1084 1791 ud
1107 1729 1176 1793 An-

83 1838 221 1904 selmum
245 1842 380 1905 obtinet.
425 1839 559 1921 ‚,Nullu‚
585 1842 699 1919 inquit,
722 1843 755 1901 in
777 1863 813 1902 re
837 1840 878 1904 ub
893 1839 1030 1926 Anglino
1049 1845 1177 1911 duotore

83 1958 255 2025 dissentio.
283 1999 320 2007 —-
356 1957 586 2041 Argumentum
615 1963 722 2018 sutem
753 1953 901 2019 Anselmi
927 1996 969 2009 -
1000 1964 1046 2025 itu
1072 1971 1178 2042 potest

82 2077 232 2153 proponi.
277 2073 463 2150 intellecto,
492 2071 568 2152 quid
599 2069 761 2155 significet
783 2071 844 2136 boo
867 2096 982 2139 nomen
1002 2077 1096 2157 deus,
1127 2084 1176 2144 in-

83 2190 247 2276 telligitur
269 2193 319 2270 id,
341 2211 404 2270 qno
427 2190 533 2272 mujus
555 2191 689 2273 cogitari
706 2210 770 2252 non
786 2198 910 2270 potest3
933 2193 989 2256 sed
1007 2202 1056 2257 est
1071 2197 1177 2278 mujus

84 2329 159 2373 esse
182 2311 215 2372 in
238 2331 273 2373 re
296 2317 330 2372 et
345 2309 379 2369 in
395 2303 578 2382 intellectu,
603 2326 696 2385 quum
713 2327 784 2369 esse
799 2308 832 2368 in
847 2299 1017 2374 'intellectu
1032 2319 1177 2388 tontum

15 2510 16 2513 Ἴ
84 2402 171 2509 θῑςοι
188 2426 370 2503 intellecto,
393 2423 467 2503 quid
485 2422 649 2506 significet
665 2422 725 2486 hoo
740 2445 855 2489 nornen
871 2424 961 2504 deus,
984 2427 1178 2514 intelligitur

84 2541 181 2606 deum
205 2564 276 2607 esse
299 2550 331 2606 et
355 2544 388 2604 in
410 2562 446 2604 re
469 2547 501 2605 et
524 2542 557 2604 in
580 2538 759 2604 intellectu.
811 2540 876 2605 Ubi
898 2546 1177 2615 eutmunilestum

82 2661 200 2723 vitium
224 2662 258 2723 in
280 2660 394 2723 formu.
439 2657 596 2722 concludi
628 2660 712 2721 enim
741 2665 866 2723 tuntum
890 2660 1070 2742 debuisset,
1100 2685 1177 2750 ergo

83 2776 272 2857 intellecto,
310 2773 384 2857 quid
415 2772 578 2858 significet
607 2775 668 2837 boc
701 2752 816 2840 nomen
849 2778 948 2857 dens,
984 2778 1178 2864 intelligitur
1257 2780 1261 2791 '
1365 2777 1368 2786 ’

82 2893 281 2978 significare·
300 2894 394 2953 deum
417 2912 488 2955 esse
510 2900 543 2954 et
564 2895 598 2953 in
620 2914 656 2954 re
679 2899 711 2953 et
725 2895 760 2954 in
778 2892 964 2966 intellectu3
988 2898 1077 2973 utqui
1092 2898 1177 2977 qnod

83 3008 188 3071 verbo
210 3003 428 3092 significatur,
450 3026 513 3068 non
535 3005 609 3069 ideo
632 3015 765 3086 uppuret
786 3027 858 3069 esse
880 3012 1034 3071 verum.“
1059 3047 1096 3057 -
1125 3009 1177 3075 Ad

14 3114 15 3117 ¹
81 3146 168 3205 quus
179 3125 253 3205 quid
265 3123 394 3189 tundern
407 3121 804 3189 censebimusAnselmum
818 3144 1045 3205 responsurum
1057 3126 1177 3193 fuisset

82 3237 176 3323 ldem
205 3242 372 3317 nimirum,
403 3240 487 3322 quod
517 3242 685 3323 respondit
713 3240 889 3306 Ganniloni
920 3243 1051 3325 (eontra
1080 3247 1176 3328 insip.

14 3336 15 3339 Ἴ
82 3378 151 3436 cup.
175 3355 230 3419 lV.
249 3366 282 3421 et
298 3356 354 3439 V.)
376 3361 475 3422 totius
498 3358 697 3438 probationis
720 3358 825 3422 lorum
849 3359 988 3422 medium
1011 3370 1176 3424 nonreete

83 3494 156 3538 esse
178 3479 375 3555 expositum.
420 3471 597 3539 Contendit
625 3477 711 3538 enirn
740 3471 914 3537 Anselmus
942 3482 1089 3555 strenue,
1121 3463 1177 3546 nbi

82 3594 156 3671 quis
178 3593 300 3675 rogitat
323 3592 417 3657 deum
440 3594 473 3655 i.
486 3614 514 3659 e.
536 3598 682 3655 naturum
706 3591 889 3657 necessario
911 3597 1114 3674 exstuntem,
1145 3597 1177 3659 ei

84 3728 158 3772 esse
181 3708 274 3772 deum
296 3708 545 3775 eoncedendum.
597 3706 682 3792 Ergo
703 3727 797 3788 quum
821 3709 892 3788 quis
914 3710 948 3773 in
970 3713 1100 3776 nomine
1123 3712 1176 3779 dei

84 3825 267 3906 efferendo,
297 3826 548 3913 significatione
576 3825 779 3908 percipienda
801 3825 898 3890 simul
920 3834 1048 3914 cogitet
1069 3830 1175 3907 deum,

83 3963 218 4006 necesse
240 3947 299 4007 sit:
314 3935 436 4025 'sponte
458 3943 632 4008 deducetur
646 3941 685 4004 sd
702 3943 754 4004 dei
772 3947 979 4007 existentium
998 3963 1176 4026 agnoscen-

82 4059 170 4124 dum.
215 4059 339 4124 Nititur
360 4064 459 4145 igitur
472 4059 645 4124 Anselmus
658 4061 694 4121 in
711 4078 761 4137 eo,
784 4060 866 4138 quod
884 4081 904 4123 u
918 4061 1057 4122 nominis
1073 4061 1174 4144 signi·

83 4175 239 4241 fieutione
263 4181 423 4258 perceptio
447 4179 589 4242 notionis
611 4196 676 4239 nou
694 4177 796 4258 magis
812 4183 918 4255 potest
933 4174 1057 4255 divelli,
1080 4197 1174 4256 quum

87 4314 105 4356 s
138 4296 279 4358 notionis
309 4294 392 4374 „dei
401 4297 424 4330 “
458 4296 652 4377 cogitatione
684 4291 737 4355 dei
767 4294 867 4372 ipsius
895 4294 1028 4377 uguitio.
1079 4292 1172 4372 Quoi

87 4433 180 4492 quum
205 4413 250 4476 itu
272 4414 334 4491 sit,
363 4411 425 4475 hoo
454 4416 540 4475 certe
563 4412 692 4475 nomine
715 4407 881 4475 Curtesius
904 4412 1064 4477 immerito
1088 4418 1174 4479 vitu-
1209 4408 1211 4413 ’
