3044 5376
738 431 990 497 ..38-

324 610 474 673 ciaoimur
504 610 580 689 (quo
603 612 663 671 vix
686 609 858 688 quidquam
889 613 993 688 potant
1021 608 1152 690 gravius
1182 604 1267 687 esse)
1298 625 1317 668 a
1346 604 1426 690 lege
1512 612 1513 673 i

323 724 460 805 morali,
491 747 553 806 quia
575 723 667 809 nihil·
681 733 731 789 est
751 727 889 790 certius:
917 725 1013 789 deum
1036 719 1226 786 conficimus
1250 731 1284 786 et
1307 744 1424 803 perso·

323 863 398 905 nam
425 841 534 924 (simul
565 841 625 905 hac
654 864 780 924 quoque
802 864 847 906 ex
870 851 960 922 parte
984 839 1122 920 exploso
1141 839 1363 923 panideiemo)
1388 851 1426 903 et

324 958 406 1043 legis
419 958 552 1022 moralis
569 959 718 1037 latorem,
741 968 894 1040 tutorem,
916 958 1222 1038 commendatorem,
1245 959 1425 1040 mundique

324 1075 541 1142 ordinatorem
565 1076 671 1160 (facili
692 1079 872 1142 intertexta
889 1060 1135 1141 ratiocinatione
1154 1076 1251 1141 etiam
1268 1073 1424 1137 addeum

270 1174 275 1179 ’
324 1200 505 1263 creatorem
527 1193 754 1273 deveniemus,
784 1197 845 1260 etsi
875 1217 959 1258 nunc
988 1215 1054 1257 non
1082 1195 1188 1277 egitur
1217 1193 1281 1257 uisi
1303 1192 1344 1256 de
1366 1192 1425 1258 dei

326 1310 541 1392 existentia),
565 1317 683 1394 quippe
705 1335 801 1395 quum
824 1322 945 1378 natura*
962 1310 1113 1376 absoluta
1135 1312 1224 1390 prior
1237 1328 1423 1376 anuareuos

325 1434 359 1495 et
380 1431 523 1510 potuerit
546 1436 579 1492 et
601 1429 749 1494 debuerit
769 1440 804 1497 et
816 1433 945 1499 tandem
964 1429 1025 1495 hoo
1039 1449 1165 1510 quoque
1181 1430 1220 1491 in'
1232 1431 1342 1508 aprico
1357 1437 1421 1508 est,

324 1543 417 1611 deum
453 1544 514 1610 hac
544 1550 823 1631 argumentatione
852 1555 954 1612 totius
984 1549 1072 1611 'virne
1101 1544 1236 1611 moralis
1265 1547 1421 1611 constitui

320 1666 533 1746 principium.
578 1661 796 1745 Quaecunque
819 1668 904 1731 enim
928 1667 1074 1750 agimus,
1098 1662 1159 1727 deo
1172 1661 1350 1744 impulsore
1364 1684 1420 1728 su·

323 1779 496 1861 eripimus,
527 1788 560 1844 at
582 1802 787 1863 quoscunque
808 1804 919 1847 amore
940 1784 1181 1864 prosequimur,
1212 1780 1266 1844 dei
1288 1782 1420 1847 nomine

325 1901 359 1959 et
380 1916 491 1962 amore
511 1918 669 1978 amamus,
690 1910 791 1980 usque
807 1900 881 1965 dum
899 1921 957 1982 per
971 1901 1132 1981 proprium
1148 1900 1182 1962 in
1201 1918 1260 1961 nos
1276 1919 1419 1964 amorem

325 2011 413 2096 digni
436 2017 529 2094 sint,
554 2037 634 2097 quos
661 2023 804 2102 spemn
835 2039 950 2097 causa,
980 2038 1090 2081 amore
1120 2016 1231 2080 divino
1264 2018 1418 2080 contiuuo

325 2129 422 2193 simui
446 2132 687 2213 instimulante,
710 2156 855 2199 amemus

414 2245 531 2311 Verum
557 2249 636 2313 traec
659 2251 835 2316 hoctenm'
870 2251 1055 2317 Occultevit
1072 2255 1134 2314 nisi
1152 2272 1204 2316 me
1219 2249 1318 2329 fallit,
1339 2249 1419 2315 dens

323 2366 365 2426 in
388 2367 459 2443 ipso
489 2374 624 2431 naturae
654 2369 768 2433 ordina
797 2371 1060 2455 repugnantiam,
1096 2390 1178 2450 quae
1206 2371 1311 2448 ipsum
1341 2387 1419 2431 vere

324 2482 490 2546 ostendat:
526 2505 620 2565 quam
647 2496 736 2553 recte
762 2489 955 2570 patefecisse
983 2490 1106 2553 utinam
1121 2484 1210 2550 *mihi
1234 2460 1417 2569 contigerit.

324 2595 382 2660 Sin
403 2601 530 2679 minus,
553 2611 719 2683 promptus
741 2626 797 2668 ero
819 2606 858 2668 ad
880 2607 1074 2671 seutentiam
1096 2603 1339 2688 abjiciendam,
1361 2602 1417 2668 ubi

324 2719 522 2813 argumentis
547 2718 673 2783 idoneis
696 2722 812 2786 meiius
835 2722 967 2787 edoctus
989 2724 1080 2788 fuero
1095 2724 1134 2804 ¹²).

319 2864 550 2885 Μ

392 2949 422 3020 *)
442 2953 591 3007 Momentum
616 2962 838 3022 argumentationis
865 2971 893 3012 ut
917 2963 1070 3013 luculentius
1090 2961 1248 3020 illustretur,
1277 2960 1339 3008 haee
1357 2959 1416 3009 miti

324 3036 380 3085 data
399 3039 433 3087 sit
450 3041 538 3102 venia,
559 3048 586 3090 ut
605 3044 820 3097 ratiocinationem
839 3048 920 3097 forma
938 3061 1077 3113 proponere
1099 3047 1177 3095 liceat
1197 3059 1266 3095 merc
1285 3044 1381 3107 logica:

390 3137 530 3202 Propositic
550 3143 632 3203 maior
649 3143 880 3216 (prosyltcgtsnip
903 3148 981 3197 omnis
1000 3148 1163 3214 repugnantia
1181 3121 1221 3197 cst
1240 3146 1360 3196 tollenda.

460 3237 471 3268 '
550 3226 630 3278 minor
845 3247 851 3281 :
871 3233 994 3282 aurorille
1004 3239 1103 3281 mutuus
1113 3229 1413 3295 involvitrcpuguantiaru

322 3320 407 3373 Conci.
416 3326 522 3391 prosyli.
530 3334 556 3377 et
562 3342 662 3395 propos.
670 3307 1420 3412 mojoffl

388 3424 530 3493 Propositio
549 3433 733 3497 episyllogismi
752 3437 846 3488 minor:
919 3453 930 3483 r
968 3453 1016 3487 uon
1037 3443 1120 3503 potent
1136 3437 1193 3487 tolli
1213 3437 1267 3488 uisi
1281 3451 1328 3502 per·
1342 3436 1413 3486 deum

844 3569 847 3573 ,
913 3537 1044 3589 personam
1057 3537 1141 3573 amore
1157 3522 1181 3571 iu
1198 3536 1242 3572 nos
1256 3521 1413 3585 conspicuam

733 3590 1416 3612 „w

320 3610 454 3663 0⁰⁰⁰¹¹¹⁸i⁰
474 3617 608 3681 θΡῙθΥῙΙθὲ·
882 3626 943 3674 deus
955 3640 1062 3692 persona
1076 3640 1137 3675 vere
1151 3631 1234 3674 exstet
1246 3639 1353 3673 necesse
1366 3627 1411 3671 est.
