3044 5376
750 424 1001 491 ..70-

324 603 502 688 jiciendam
518 609 552 665 et
566 598 750 666 Carteaium
769 602 803 663 in
823 599 936 664 eadem
953 598 1011 664 illa
1024 598 1067 663 V.
1084 598 1309 678 meditatione,
1330 620 1430 678 quum

330 720 430 785 verba
454 716 556 781 allata
578 717 752 798 scriberet,
775 717 816 782 ab
838 719 1119 802 argumentatione
1141 732 1186 780 ex
1207 717 1358 800 simplice
1371 737 1429 780 no·

332 845 422 902 tione
455 839 558 918 petita
587 835 745 900 defecisse
773 834 935 899 intellexi.
979 832 1045 898 Ubi
1068 834 1201 898 'scilieet
1228 834 1432 917 argumentis
1506 854 1508 907 ι

332 953 501 1018 efficienda
524 961 574 1018 est
595 960 776 1018 necessitas
799 952 852 1016 dei
875 950 1039 1037 cogitandi
1061 955 1131 1016 sive
1152 954 1320 1034 persuasio
1344 972 1428 1032 „nos
1506 948 1508 989 ³

333 1095 397 1136 non
420 1093 477 1155 pro
499 1069 605 1134 lubitu
627 1068 722 1132 deum
739 1066 792 1133 vel
809 1070 953 1153 cogitare
969 1067 1022 1131 vel
1039 1090 1103 1132 non
1120 1072 1299 1154 eogitare“,
1323 1072 1429 1150 prius·
1506 1128 1508 1149 ,

332 1211 426 1272 qaam
444 1189 484 1252 ad
499 1193 723 1272 argumentum
740 1183 957 1269 ontologicum
974 1186 1105 1269 aggredi
1122 1184 1240 1259 liceat3
1262 1185 1341 1250 solis
1358 1185 1429 1251 luce
1506 1156 1508 1301 l

334 1314 384 1370 est
404 1304 585 1387 illustrius,
614 1313 804 1388 argumento
835 1301 1019 1388 ontologiee
1047 1323 1179 1383 prorsus
1201 1324 1266 1366 uon
1288 1302 1428 1385 amplios
1506 1376 1508 1407 Α

334 1443 415 1504 opus
436 1442 517 1485 esse.
556 1420 759 1486 Necessitate
783 1423 870 1484 euim
892 1420 951 1484 illa
973 1422 1167 1499 constituta,
1190 1420 1297 1500 deum,
1321 1422 1427 1497 credo,
1507 1416 1508 1467 l

333 1563 410 1604 vere
434 1560 504 1602 esse
524 1542 595 1622 jam
619 1539 758 1600 evictum
777 1542 849 1602 erit.
895 1538 990 1615 Quod
1004 1536 1180 1602 Anselmus
1196 1559 1293 1619 quum
1308 1541 1428 1618 optime
1506 1552 1508 1645 ἱ

333 1664 479 1735 teneret,
503 1657 636 1718 minima
657 1655 800 1719 omnium
818 1655 922 1720 voluit
937 1677 995 1720 nec
1010 1657 1184 1742 quidquam
1199 1652 1427 1738 (Brrmnouuro
1506 1660 1508 1717 ἓ

334 1776 457 1839 frosm
477 1777 676 1855 repugnante
699 1793 730 1850 p.
755 1778 805 1837 14.
829 1782 862 1837 et
880 1773 947 1855 20.)
970 1772 1159 1853 postulavit,
1182 1775 1234 1838 eui
1255 1779 1292 1836 ut
1313 1772 1426 1836 funda·
1507 1802 1508 1839 1

335 1901 444 1955 mento
471 1892 682 1968 inniteretur,
713 1895 841 1968 praeter
863 1888 914 1952 dei
936 1891 1184 1973 cogitationem,
1214 1911 1309 1969 quarn
1334 1894 1427 1969 etei,

336 2012 391 2090 qui
423 2009 518 2072 deum
550 2015 682 2090 negaret
715 2016 748 2070 et
780 2010 829 2085 ei,
868 2009 922 2085 qui
951 2008 1045 2071 deum
1076 2005 1141 2071 fide
1171 2006 1427 2087 amplecteretur,

336 2131 465 2206 praesto
482 2145 553 2187 esse
567 2132 654 2187 recte
673 2125 848 2187 contendit.
894 2122 928 2186 ld
947 2133 1070 2189 tautum
1085 2129 1230 2206 peccavit
1247 2108 1429 2204 Auselmus,

336 2241 418 2323 quod
443 2239 538 2304 deum
561 2242 659 2304 talem
683 2243 883 2321 potissimum
907 2244 1112 2327 cogitandum
1134 2250 1267 2328 posuit:
1290 2266 1354 2324 quo
1377 2251 1430 2306 aut

337 2361 416 2423 satis
447 2356 565 2422 babere
596 2365 652 2421 aut
679 2367 900 2442 argumentum
933 2360 1151 2444 ontologicum
1181 2361 1277 2442 plana
1300 2363 1430 2426 missum

336 2477 445 2539 facere
468 2474 616 2539 debebat.

423 2591 537 2654 Paullo
560 2591 655 2656 aliter
679 2591 864 2675 Cartesius,
895 2618 1085 2679 quamquam
1116 2597 1175 2661 hoc
1204 2616 1330 2678 quoque
1361 2594 1429 2657 loco
1502 2628 1503 2677 ῃ

339 2730 455 2792 magna
479 2708 571 2771 nobis
592 2714 699 2789 cautio
721 2720 770 2774 est
792 2711 995 2793 adhibenda,
1019 2738 1059 2778 ne
1081 2723 1287 2796 praepostero
1308 2714 1430 2796 judicio

341 2830 375 2890 io
399 2847 539 2889 errorem
563 2828 754 2892 incidamus.
799 2827 929 2893 Etenim
953 2853 1017 2894 non
1041 2835 1132 2913 potui
1150 2853 1233 2895 ame
1247 2833 1431 2910 impetrare,

339 2953 376 3007 ut
404 2947 438 3007 in
470 2943 676 3008 Brunnorrrrr
707 2948 900 3009 sententiam
932 2946 978 3032 (p.
1010 2951 1059 3010 15.
1091 2955 1123 3011 et
1154 2952 1204 3010 16.
1238 2948 1431 3028 expositam)

340 3061 558 3138 discederem,
590 3063 705 3140 quippe
733 3065 787 3140 qui
817 3060 999 3128 Cartesium
1031 3066 1240 3129 meditatione
1270 3064 1314 3127 V.
1345 3085 1432 3128 mere

339 3176 522 3260 ontologiee
545 3176 741 3239 conclusisse
764 3189 859 3262 neget
880 3162 976 3261 atque
1000 3182 1074 3247 huic
1096 3183 1305 3247 fundamento
1331 3190 1430 3245 totam

339 3296 649 3378 argumentationem
671 3314 762 3356 suam
785 3303 1043 3376 superstruxisse
1061 3306 1142 3385 ajat,
1165 3302 1248 3381 quod
1267 3304 1430 3364 notionem
1502 3316 1503 3339 ¹

340 3419 474 3474 naturae
497 3410 659 3491 perlectae
683 3432 746 3475 nou
770 3415 973 3481 a‘nobismet
994 3422 1092 3500 ipsis,
1126 3420 1180 3482 sed
1211 3419 1252 3481 ab
1279 3417 1341 3481 hae
1364 3420 1432 3497 ipsa

341 3538 455 3591 natura
484 3528 632 3594 absoluta
661 3533 804 3612 arripere
831 3553 891 3595 nos
921 3538 1066 3614 potuisse
1094 3539 1302 3618 reperiamus.
1349 3533 1432 3597 Hinc

340 3644 584 3710 meditationem
610 3646 667 3726 V.,
698 3670 778 3729 quae
801 3654 937 3730 exponit
959 3646 1179 3739 argumentum
1203 3652 1433 3741 ontologicum,

340 3763 401 3824 uiti
430 3761 502 3824 vult
530 3761 767 3828 Bruunounrus
798 3770 832 3828 in
860 3769 970 3833 medit.
994 3769 1070 3851 lll.,
1102 3772 1157 3835 ubi
1188 3774 1346 3851 posterior
1378 3767 1434 3832 illa

340 3882 500 3942 sententia
524 3879 710 3945 exhibetur.
754 3881 800 3947 At
818 3906 880 3950 non
902 3896 953 3953 est
968 3892 1024 3954 ita.
1055 3870 1237 3952 'comestus
1252 3891 1322 3968 ipse
1336 3910 1369 3968 p.
1385 3892 1433 3951 62

341 3999 389 4080 (in
405 4003 615 4078 responsione
630 3999 671 4065 ad
683 3999 885 4084 objectiones
899 4008 1034 4089 primas)
1044 4008 1305 4072 dissociationem
1321 4007 1435 4069 utrius·

341 4137 402 4194 que
432 4121 614 4200 argumenti
639 4122 729 4200 (nam
760 4144 777 4184 e
800 4121 1006 4188 Brunnormr
1031 4129 1194 4190 sententia
1217 4132 1304 4186 esset
1325 4122 1436 4201 ununr)

342 4229 529 4300 clarissimis
550 4234 601 4299 his
623 4238 732 4301 verbis
755 4244 940 4305 constituit:
971 4242 1088 4323 „Quia
1108 4246 1194 4309 dune
1212 4247 1339 4307 tantum
1363 4245 1436 4302 sont

341 4349 434 4427 viae,
464 4372 521 4429 per
543 4374 621 4432 quas
645 4360 747 4436 possit
770 4357 899 4440 probari
923 4361 1016 4426 deum
1041 4384 1130 4442 esse,
1155 4382 1221 4426 aaa
1244 4378 1358 4438 nempe
1381 4375 1434 4437 per
