3044 5376
747 468 797 479 ...
851 387 1000 496 26..

327 616 456 696 (qnippe
479 630 560 688 quae
582 604 726 687 alioquin
754 607 837 671 hunc
866 611 967 686 ipsum
992 607 1127 685 evertat)
1158 625 1299 667 amorem
1330 603 1431 669 ilium

214 758 217 760 ’
328 738 472 797 mutuum
497 728 594 789 etiam
619 726 800 803 intereos,
824 726 878 805 qui
900 726 1087 788 interiorem
1111 724 1161 785 sui
1184 724 1333 786 notitiam
1356 744 1429 786 non

297 826 300 832 ⁵
329 849 579 920 contraxerunt,
610 845 708 905 immo
729 840 960 921 saepenumero
987 841 1084 903 dese
1107 862 1148 903 ne
1173 840 1270 902 iando
1293 840 1428 920 quidem

328 973 430 1050 autea
455 961 654 1025 audiverunt.
706 957 997 1024 verumenimvero
1020 961 1054 1022 in
1078 978 1117 1020 eo
1138 960 1231 1037 ipso,
1260 956 1343 1036 quod
1361 975 1431 1040 po·

331 1084 433 1150 dulci
464 1078 523 1143 tex
553 1076 709 1157 quaedam
731 1098 891 1157 amorem,
921 1077 1134 1160 repugnantia
1160 1075 1290 1138 videtur
1309 1072 1428 1139 latere.

307 1200 412 1265 ‘Nam
442 1217 647 1295 quaecunque
676 1216 696 1257 a
719 1194 819 1261 nobis
849 1193 949 1275 fiunt,
981 1203 1100 1258 certam
1133 1192 1274 1271 aliquam
1305 1191 1428 1257 debent

330 1338 460 1382 causatu
481 1316 552 1378 sive
576 1315 771 1393 principium
795 1312 937 1390 habere,
957 1313 1044 1375 unde
1065 1309 1310 1391 proficiscantur
1331 1332 1370 1373 uc
1397 1314 1425 1373 si
1503 1342 1504 1433 p

332 1439 403 1517 quis
430 1446 560 1506 sensus,
590 1452 652 1511 quo
681 1433 887 1508 motitamur,
918 1451 981 1493 non
1010 1438 1118 1510 potest
1147 1430 1269 1492 iontem
1291 1429 1423 1494 tandem
1503 1446 1504 1511 ξ

332 1555 477 1634 aperire,
500 1548 586 1613 unde
608 1552 651 1611 sit
673 1551 789 1611 merito
812 1547 958 1626 haustus,
980 1552 1050 1611 sive
1064 1549 1093 1609 si
1112 1544 1203 1609 nulia
1216 1549 1318 1610 animi
1333 1567 1423 1610 eom-

332 1673 411 1734 moti
436 1688 536 1731 eausa
565 1671 671 1744 potest
693 1687 770 1728 vera
792 1665 934 1728 ostendi:
966 1668 1088 1746 is·ipse
1111 1667 1210 1727 animi
1233 1672 1339 1728 motus
1361 1665 1423 1726 im-

333 1783 486 1866 probetur
513 1789 651 1863 oportet·
702 1780 829 1847 Nature
858 1781 1006 1846 absoluta
1036 1782 1162 1863 quidem
1193 1781 1332 1863 (deus),
1361 1802 1425 1861 que

334 1903 492 1983 superius
511 1904 646 1985 eogitari
677 1923 741 1969 non
774 1907 881 1981 potest
901 1903 1015 1980 cuique
1043 1910 1079 1964 st
1102 1909 1237 1964 naturae
1258 1897 1426 1963 absolutae

334 2041 375 2085 ne
397 2018 455 2085 lex
470 2019 598 2103 quidem
613 2027 651 2083 ut
670 2022 819 2098 superius
841 2018 990 2102 quiddam
1005 2025 1092 2081 recte
1113 2020 1314 2098 proponitur,
1339 2017 1425 2095 qnod

332 2135 408 2201 inde
423 2145 509 2199 esset
524 2157 612 2199 nexa
629 2157 688 2198 nec
701 2139 800 2219 igitur
815 2143 931 2199 natura
941 2135 1108 2199 absoluta:
1123 2156 1179 2198 cur
1197 2134 1260 2199 hoc
1274 2133 1328 2198 vel
1342 2133 1423 2198 illud

332 2251 414 2317 velit
442 2251 564 2316 nullam
599 2251 696 2315 habet
709 2230 711 2237 X
726 2275 856 2318 causam
879 2257 942 2317 nisi
966 2256 1066 2333 ipsius
1088 2251 1299 2318 voluntatem.
1343 2253 1426 2316 Vult

331 2374 379 2435 ita
400 2373 497 2433 sicuti
519 2368 607 2450 vult,
638 2374 714 2449 quie
741 2370 813 2435 vult
840 2375 862 2436 i.
886 2394 915 2435 e.
948 2374 1096 2452 quoniam
1128 2381 1243 2435 natura
1274 2375 1349 2455 ejus
1377 2375 1424 2434 ita

223 2464 225 2467 ι
331 2489 532 2566 potissimum
561 2489 635 2553 fert.
678 2488 790 2574 Longe
817 2489 913 2556 aliter
943 2492 1044 2554 animi
1072 2488 1159 2553 finiti
1180 2511 1206 2554 s.
1230 2490 1423 2570 imperfecti,

333 2607 387 2683 qui
416 2625 481 2669 nou
512 2609 706 2671 necessitate
742 2609 870 2671 interna
900 2617 975 2672 sunt
1003 2609 1087 2692 quod
1118 2616 1209 2688 sunt,
1244 2608 1301 2671 sed
1341 2606 1424 2671 fiunt

330 2721 478 2785 demumr
508 2724 592 2803 quod
609 2732 648 2788 ut
674 2728 739 2789 sint
762 2733 896 2789 naturae
917 2725 990 2809 lege
1013 2721 1267 2799 commonefiunt
1287 2724 1424 2802 ideoque

331 2859 558 2921 usquequaque
588 2864 645 2907 cur
669 2853 702 2908 et
731 2844 891 2925 quomodo
923 2843 984 2907 hoc
1013 2842 1067 2908 vel
1090 2842 1171 2908 iliud
1200 2851 1233 2906 et
1254 2841 1357 2907 veiint
1390 2850 1423 2903 et

329 2966 448 3042 agant,
484 2960 525 3023 ad
551 2958 673 3024 claram
704 2963 767 3026 sibi
797 2965 1059 3043 perspicientiam
1089 2962 1264 3042 perducere
1294 2958 1421 3022 debent.

329 3074 402 3140 Jsm
416 3081 567 3140 convenit
589 3078 716 3156 quidem
738 3080 825 3143 inter
847 3101 904 3143 nos
918 3080 1084 3159 postulare
1108 3085 1244 3144 naturae
1266 3077 1422 3156 ordinem,

331 3199 366 3255 ut
388 3194 473 3253 inter
494 3212 554 3254 nos
574 3214 729 3255 amemus.
774 3193 838 3257 Sed
862 3198 1062 3276 quaerendus
1076 3199 1150 3262 fons
1168 3197 1268 3280 hujus
1290 3198 1422 3273 amoris,

329 3319 365 3374 ut
393 3309 460 3394 legi
491 3312 692 3373 necessariae
715 3314 903 3377 satisfacere
926 3335 1087 3398 queamus.
1132 3315 1191 3380 Est
1218 3319 1326 3376 autem
1350 3312 1423 3374 fons

330 3434 411 3509 iste,
449 3428 553 3510 qualis
589 3436 700 3493 nostra
737 3431 865 3511 quidem
903 3440 953 3496 est
988 3435 1156 3514 condicio,
1195 3433 1265 3495 fere
1299 3429 1425 3511 triplex

328 3556 386 3610 eut
405 3546 466 3611 lex
487 3549 559 3626 ipsa
582 3555 639 3611 aut
659 3551 693 3628 ii,
717 3550 831 3634 quibus
847 3549 929 3614 bene
942 3572 1058 3631 cupere
1074 3573 1112 3615 sc
1130 3551 1238 3615 iacere
1255 3548 1423 3625 debemus,

326 3673 386 3727 sut
409 3670 537 3727 nosmet
564 3667 637 3743 ipsi.
682 3664 828 3750 Agedum
851 3667 1036 3749 videamus,
1059 3689 1134 3733 num
1153 3688 1245 3732 amor
1267 3665 1323 3732 ‘dle
1346 3685 1424 3729 rere

327 3772 405 3849 irino
427 3780 550 3844 hauriri
573 3790 679 3860 queat.

414 3899 446 3979 t)
467 3896 596 3962 Primae
616 3905 835 3981 responsionis
858 3905 956 3968 cerdo
979 3908 1116 3968 vertitur
1137 3908 1172 3968 iu
1193 3925 1246 3983 eo,
1270 3902 1352 3983 quod
1374 3899 1426 3965 le-
1503 3882 1504 3977 ]

263 4042 267 4049 ⁴
330 4032 403 4100 gem
416 4019 498 4080 sutis
520 4038 592 4081 esse
606 4021 803 4085 contendunt
825 4022 865 4087 ad
880 4042 1020 4086 amorem
1037 4019 1130 4084 ilium
1146 3998 1427 4099 exsuscitandam,
1503 3998 1504 4079 ζ

329 4135 603 4218 conservandum,
637 4138 851 4203 nutriendum.
908 4137 993 4203 Nam
1028 4131 1209 4204 memoratu
1241 4141 1300 4203 vix
1335 4137 1428 4222 digai
1503 4126 1504 4137 ¹

330 4258 407 4314 sunt
426 4254 470 4328 ii,
498 4256 554 4333 qui
576 4258 646 4321 sine
667 4254 736 4320 ullo
764 4277 873 4322 amore
895 4258 1014 4321 rationi
1037 4255 1088 4322 illi
1109 4264 1260 4337 mutuae,
1282 4279 1346 4339 qua
1366 4278 1428 4319 na·

331 4376 405 4432 ture
428 4367 586 4457 hominos¹
606 4377 823 4451 constrinxit,
852 4372 1007 4439 satisfieri
1036 4396 1131 4455 posse
1159 4376 1320 4442 dictitent.
1376 4373 1430 4440 tu
