3044 5376
539 406 783 525 -rsss-

112 656 146 714 p.
171 639 243 697 245.
268 641 300 696 et
322 655 341 696 e
362 637 601 715 praepositione
623 639 780 714 „extra“
801 657 859 716 per
881 657 916 700 se
937 636 1096 719 admissa,
1126 644 1205 704 satis

113 760 164 814 est
188 754 221 813 in
243 751 437 834 propatulo).
482 751 533 814 En
555 751 615 815 tibi
638 772 734 815 cansa
758 761 860 816 extra
878 760 1023 817 naturam
1047 752 1137 820 illam
1155 758 1205 820 in-

114 868 350 947 dependentem
381 871 516 951 (quippe
545 871 737 953 cogitatam)
768 875 891 950 posita,
921 890 1014 951 quam
1043 873 1097 949 (id
1121 874 1204 952 quod

113 986 200 1048 inira
222 995 458 1050 commonstare
480 986 681 1067 conabimur)
705 995 893 1070 argumento
913 995 970 1051 aut
992 988 1206 1073 cosmologico

113 1111 170 1165 ant
192 1101 384 1187 telealogico
407 1106 478 1166 sine
501 1124 650 1167 successu
667 1124 833 1168 semovere
850 1105 1050 1169 studuerant.
1095 1106 1207 1171 Potest
1265 1106 1287 1153 ἵ

114 1223 214 1302 igitur
236 1220 379 1300 prolecto
402 1229 498 1283 extra
520 1229 665 1284 naturam
681 1220 769 1284 illam
786 1222 1053 1301 independentem
1071 1227 1207 1307 cogitari

118 1357 234 1414 causa,
258 1356 338 1418 qnae
362 1345 507 1401 naturam
531 1339 799 1419 independentem
819 1337 914 1401 tollat
937 1360 994 1402 uec
1013 1343 1084 1420 ipsa
1100 1363 1206 1405 remo-

116 1462 249 1531 veatur,
272 1459 455 1535 priusquam
479 1475 550 1519 esse
573 1456 685 1536 deum,
708 1460 850 1520 omnium
873 1476 978 1520 rerum
995 1457 1207 1536 conditorem,

117 1568 183 1633 alia
205 1574 451 1636 ratiocinatione
474 1575 517 1637 sit
539 1576 700 1638 effectum.
745 1575 830 1657 Ergo
853 1580 1023 1653 autequam
1040 1596 1059 1636 a
1074 1577 1206 1638 notione

118 1685 217 1770 liujus
232 1698 365 1754 naturae
382 1693 540 1769 possimus
557 1693 723 1776 progredi:
736 1692 878 1764 aliunde
901 1688 1061 1755 conficere
1075 1692 1206 1757 debebi-

21 1832 22 1837 1
118 1825 208 1883 mus,
237 1814 273 1869 ut
303 1811 434 1870 orrrnino
456 1810 498 1869 sit
520 1818 553 1872 et
575 1821 641 1872 tum
666 1810 792 1871 demum
815 1809 907 1884 inde,
938 1807 1208 1872 Mannausormro

118 1915 210 2001 duce,
226 1923 265 1985 ad
282 1946 350 1986 eam
369 1926 604 2006 agnoscendam
620 1925 850 2013 aggrediemur.
885 1922 920 1986 ld
938 1922 1021 2006 quod
1036 1923 1210 2012 absurdum

119 2049 186 2132 est,
225 2040 288 2103 Sed
314 2044 476 2120 accepisse
499 2040 928 2106 videturlllnnasusonmus
951 2048 1097 2104 naturam
1117 2040 1209 2104 inde·

119 2157 311 2234 pendentem
334 2157 524 2241 metapdpce
546 2162 568 2221 i.
587 2180 615 2220 e.
634 2180 709 2220 vere
728 2167 932 2238 exstantem,
956 2179 1037 2244 quae
1055 2179 1149 2237 quum
1167 2161 1210 2222 sit

120 2274 350 2353 independens
375 2296 438 2337 nnn
461 2282 566 2355 potest
587 2296 644 2355 per
668 2296 795 2338 causam
818 2276 957 2355 aliquam
983 2285 1150 2339 externam
1169 2277 1210 2337 ad

120 2389 255 2454 nihilum
285 2393 406 2476 redigi:
437 2396 482 2455 ita
506 2415 582 2455 vcro
604 2397 718 2473 petitio
739 2395 889 2473 principii
918 2396 1022 2471 inest,
1053 2393 1209 2472 siquidem
1278 2368 1281 2373 Ι

117 2516 313 2591 poeniteam
331 2518 490 2588 naturam,
513 2530 607 2590 quam
622 2510 840 2573 demonstrare
857 2509 997 2573 volebat.
1042 2505 1210 2572 Postremo

21 2614 23 2635 *
121 2627 250 2690 facilius
273 2630 370 2691 etiam
395 2631 427 2691 in
451 2627 561 2690 oeulos
584 2631 736 2707 incurrit,
761 2629 835 2692 inde
858 2629 941 2708 quod
963 2630 1053 2690 notio
1077 2635 1210 2688 naturae

121 2745 367 2823 independentis
397 2745 479 2808 nihil
510 2745 627 2808 habeat
656 2749 903 2829 repugnantiae,
935 2742 1016 2808 nilril
1047 2746 1210 2823 consequi,

21 2936 22 2943 ἵ
122 2865 185 2924 nisi
207 2870 245 2924 ut
261 2868 368 2944 possit
390 2863 468 2923 deus
483 2882 563 2923 esse.
610 2861 711 2944 lgitur
726 2861 930 2941 explodenda
945 2861 1025 2924 haec
1041 2880 1210 2942 argumen-

21 3004 23 3039 ι
121 2982 277 3061 ῒειῒίῳ-
299 2978 393 3054 Quod
417 2979 501 3040 idem
525 2976 719 3042 luculentius
742 2976 993 3060 etienr'emergit
1009 2998 1027 3038 e
1043 2976 1212 3038 subtiliore

21 3100 22 3103 ’
122 3100 303 3180 argumenti
323 3096 463 3160 alterius>
478 3097 753 3175 consideratione,
777 3096 863 3176 quod
883 3117 924 3158 an
940 3115 1057 3175 operae
1075 3096 1211 3172 pretium

21 3238 23 3279 ε
124 3222 208 3276 esset
230 3216 365 3294 afferre,
387 3217 492 3279 fateor
514 3214 661 3294 equidem
684 3234 735 3277 me
761 3212 908 3276 nonnihil
930 3215 1083 3293 temporis
1106 3211 1213 3274 haesi·

21 3368 22 3375 1
123 3342 220 3396 tasse.
250 3333 340 3394 Loco
355 3332 490 3394 adducto
505 3354 535 3411 p.
552 3338 613 3396 239
628 3352 715 3410 seqq.
733 3327 899 3394 contendit
912 3330 1213 3407 Msunuusoumus,

21 3432 23 3511 l
116 3428 188 3510 vnors
211 3458 335 3512 tanturn
359 3452 484 3526 onmia,
515 3468 596 3526 quae
616 3454 743 3530 possint
766 3469 854 3524 esse,
878 3449 1060 3528 cogitentur
1083 3465 1213 3507 necesse

126 3588 198 3630 esse
229 3567 282 3645 (id
315 3544 397 3646 quod
421 3569 453 3628 in
476 3563 709 3626 dubitationem
732 3565 848 3626 adduci
872 3566 1068 3642 nequit”));
1103 3584 1213 3625 verum

126 3686 223 3747 etiam
240 3687 359 3762 omnia,
378 3706 459 3763 quae
474 3688 552 3758 siai,
568 3676 717 3742 enatura
732 3680 866 3759 quadum
884 3682 1046 3764 cogitandi
1061 3681 1215 3777 facultate

197 3965 225 4036 *)
245 3972 333 4035 Neque
353 3974 417 4023 enim
436 3973 461 4020 in
480 3969 583 4021 dccciii
602 3967 734 4035 (Priifuup
757 3969 803 4019 der
821 3968 1075 4020 Mendelsodnisclleu
1092 3971 1216 4043 Morgen-

128 4055 238 4105 siundeu
255 4069 279 4119 p.
297 4052 373 4120 246.)
400 4058 547 4107 sententiam
572 4070 671 4120 possum
698 4055 845 4123 discedere,
875 4069 906 4104 ex
930 4070 979 4119 qua
999 4063 1069 4106 certe
1090 4056 1218 4123 objectiva

129 4140 284 4205 possibilitas
312 4139 386 4188 etiarn
412 4148 484 4191 extra
508 4142 682 4204 cogitationem
703 4148 803 4191 exstare
824 4140 948 4190 censenda
970 4148 1018 4190 est.
1057 4141 1216 4194 possibilitas

131 4235 158 4276 ut
175 4226 330 4291 possibilitas
349 4239 448 4289 semper
465 4225 553 4275 nititur
570 4228 596 4276 iu
614 4226 737 4277 relatione
756 4226 794 4275 rei
813 4224 938 4288 alicujus,
957 4241 1021 4291 quae
1048 4233 1131 4277 estet
1150 4229 1216 4279 elte-

130 4313 198 4373 rius,
220 4327 283 4377 quae
296 4311 408 4362 rroudtma
421 4317 467 4360 est.
504 4311 589 4361 Omnis
602 4320 684 4362 autom
697 4311 788 4361 relatio
805 4311 854 4361 ista
868 4310 957 4360 nititur
976 4311 1001 4361 in
1022 4311 1172 4374 cogitatione
1192 4322 1217 4364 et

131 4399 225 4447 idcirco
245 4405 284 4447 est
302 4394 507 4462 „sabjectiuo“.
543 4395 591 4446 Sed
611 4404 694 4461 potest
711 4395 904 4461 fundumentum
923 4396 1016 4446 habere
1035 4395 1196 4459 objectivum.
