3044 5376
515 476 765 539 ..57-

89 654 171 716 dam
192 660 317 716 tautum
338 651 498 734 cogitaret
541 650 662 716 Atuero
686 658 804 736 pugnat
826 653 910 713 inter
931 671 978 728 se,
1001 671 1069 713 rem
1086 671 1185 731 quan·

88 771 169 833 dam
193 789 270 832 vere
293 775 477 831 exstantem
499 773 641 853 cogitare
664 777 696 832 et
718 775 844 832 tuntum
866 769 1008 850 cogitare
1031 771 1052 831 i.
1069 791 1097 832 e.
1122 789 1185 832 uon

9 904 11 961 ε
89 909 175 952 vere
204 893 388 949 exstantem
415 886 568 967 cogitare.
620 885 713 961 Quod
742 892 849 948 autern
880 883 1065 950 Daourscu.
1096 887 1134 968 (l.
1158 909 1184 950 c.

9 984 32 1074 ⁵,
90 1029 120 1085 p.
142 1002 229 1084 toa.)
251 1005 400 1065 notiones
424 1002 548 1082 ,‚quid“
573 1012 605 1065 et
627 1004 837 1083 „quomodo“
852 1005 944 1083 (quas
961 1012 1186 1088 coagmentare

91 1110 203 1185 voluit
229 1118 403 1184 Anselmus
432 1122 464 1181 in
497 1120 626 1182 notione
656 1140 799 1183 summae
827 1119 986 1183 rectitatis
1016 1124 1085 1185 sive
1113 1143 1186 1200 per-

89 1237 261 1321 feetionis)
274 1258 413 1319 unquam
427 1240 461 1300 iu
479 1239 642 1301 notionem
659 1238 788 1301 tertiam
801 1259 896 1317 posse
911 1240 1060 1318 componi
1075 1245 1186 1323 negat:

34 1420 37 1421 γ
91 1361 130 1420 in
164 1376 202 1419 eo
230 1354 310 1418 mihi
341 1377 360 1416 a
389 1375 465 1417 vero
493 1376 624 1435 prorsus
654 1355 780 1419 videtur
810 1354 972 1418 recedere.
1026 1353 1108 1418 Nam
1131 1355 1186 1418 ubi

26 1534 31 1543 ,
89 1471 179 1536 illud
209 1471 432 1553 ,‚quornodo“
462 1492 523 1534 non
554 1480 678 1535 tuntum
708 1474 749 1537 ad
778 1480 924 1535 naturam
945 1475 1186 1552 percipientem,

90 1610 210 1657 verum
241 1594 337 1653 etiam
371 1590 412 1652 ad
438 1610 506 1669 rem
536 1592 620 1667 sive,
635 1612 688 1654 res
719 1597 885 1671 perceptas
906 1593 1059 1670 pertinen
1091 1594 1124 1653 iu
1148 1612 1187 1652 eo

92 1729 225 1788 semper
253 1709 351 1770 etiam
382 1705 466 1791 iliud
495 1707 632 1786 ,‚quid“
661 1711 864 1788 exprimatur
886 1709 955 1770 sive
978 1710 1187 1772 mutationem

93 1827 274 1890 constituat
296 1847 427 1890 necesse
449 1833 509 1888 est.
554 1823 657 1887 Verbi
679 1845 777 1887 causa
799 1824 854 1888 ubi
877 1823 955 1887 deus
977 1846 1041 1885 non
1064 1833 1188 1888 tanturn
1280 1878 1286 1884 ,

9 1984 10 1987 =
92 1945 258 2027 cogitatur
282 1946 352 2005 sive
373 1950 475 2005 status
494 1943 622 2023 quidam
638 1945 737 2004 animi
754 1943 855 2004 nostri
873 1949 940 2018 est,
963 1943 1189 2004 verumetiam

93 2069 197 2152 extra
221 2063 362 2124 animum
383 2067 526 2124 nostrum
544 2068 669 2124 exstet:
693 2081 750 2140 per
763 2059 847 2123 istud
862 2061 964 2138 ipsum
983 2057 1190 2136 ‚,quomodo“

94 2180 260 2258 posterius
282 2180 419 2259 (etenim
442 2177 525 2257 quod
547 2183 681 2247 seorsim
704 2183 827 2258 exstat)
851 2174 1007 2255 efficitur,
1036 2182 1072 2238 ut
1094 2198 1189 2256 quum

9 2298 10 2301 ’
94 2298 132 2359 in
165 2294 336 2380 cogitanda
366 2297 495 2369 notione
523 2294 593 2374 dei,
622 2316 718 2368 uuum
745 2303 870 2359 tuntum
898 2291 986 2356 reule
1016 2295 1190 2377 cogitatum

9 2440 11 2503 g
82 2414 199 2477 ‘fuerit
229 2414 399 2497 (animus),
427 2416 496 2496 jam
528 2411 591 2475 duo
618 2414 853 2476 constituantur
882 2417 1007 2475 unimur
1030 2418 1070 2471 et
1093 2410 1191 2473 deus:
1239 2404 1241 2408 ’

9 2514 10 2519 ¹
97 2538 243 2595 mutetur
266 2532 364 2614 igitur
387 2529 468 2594 illud
492 2577 513 2610 ,‚
523 2531 598 2612 quid
608 2535 629 2570 “
661 2533 748 2612 (nam
779 2529 907 2612 negatio
936 2524 1070 2590 alterius
1095 2528 1192 2593 realis

95 2644 314 2729 removetur);
337 2654 386 2710 est
409 2648 507 2731 igitur
529 2650 726 2728 existentiae
749 2645 989 2727 praedicatum,
1012 2666 1073 2726 quo
1086 2652 1191 2710 muta-

9 2784 11 2793 *
94 2774 170 2845 tur,
207 2786 319 2829 revera
350 2764 438 2828 reale
467 2765 616 2845 quiddam
648 2767 865 2849 praedicatum
880 2762 910 2845 *)
943 2765 965 2825 i.
997 2785 1024 2824 e.
1056 2762 1191 2827 Kuurro

9 2884 10 2969 s
93 2885 276 2961 interprete
299 2878 335 2955 (l.
353 2902 381 2942 c.
397 2903 428 2959 p.
446 2883 536 2962 626.)
558 2886 692 2960 „notio‚
715 2900 795 2961 quae
817 2878 891 2940 addi
915 2887 1010 2955 queat
1031 2879 1080 2941 ad¹
1094 2880 1191 2944 aliam

96 2991 149 3071 (h.
172 2992 194 3055 l.
218 2993 271 3055 dei
294 2995 451 3078 cogitati)
474 2999 636 3060 notionem
646 3000 678 3061 “.
731 2995 822 3070 Quae
845 3015 939 3073 quum
962 2997 1008 3058 ita
1030 2998 1090 3076 sit,
1120 3020 1193 3077 pro-

96 3107 189 3173 fecto
208 3112 298 3173 notio
319 3115 391 3192 rei,
414 3135 495 3195 quae
518 3122 650 3177 exstare
672 3121 768 3177 extra
790 3115 932 3176 animum
957 3115 1130 3198 cogitatur,
1161 3124 1195 3180 et

96 3223 174 3306 plus
204 3248 298 3306 quam
326 3250 379 3293 res
408 3239 540 3309 tuntum
563 3234 719 3316 cogitate·
733 3240 765 3294 et
789 3231 1027 3313 praedicatum,
1058 3235 1086 3296 si
1110 3235 1194 3315 quod

102 3334 213 3423 aliud,
227 3347 329 3409 =reale
351 3348 495 3411 exhibet.

103 3534 339 3542 m.-.

170 3650 199 3717 *)
219 3649 319 3700 Dixerit
338 3651 447 3700 fortasse
465 3651 600 3715 quispiam,
626 3652 689 3700 hune
707 3653 800 3704 nullutn
819 3669 876 3704 esse
901 3656 1057 3716 restitutam,
1085 3671 1149 3723 qnae
1171 3657 1196 3705 in

100 3735 160 3783 solu
178 3735 280 3784 duorum
299 3737 404 3786 realium
429 3737 557 3787 relatione
573 3733 918 3807 (Auseiuuuderbeziedmcp)
944 3740 1044 3791 nitatur.
1080 3741 1129 3792 Sed
1147 3758 1196 3792 nou

9 3826 10 3833 ’
101 3826 145 3869 est
164 3819 205 3868 ita.
240 3818 268 3869 lu
293 3822 470 3871 conscientiam
491 3821 588 3888 quidem
609 3822 743 3889 utriusque
762 3825 834 3876 istius
854 3833 957 3876 naturae
978 3827 1056 3876 realis
1079 3825 1134 3893 (dei
1152 3842 1197 3891 per

9 3938 11 3979 p
103 3920 135 3954 se
155 3905 259 3969 spectati
279 3913 304 3955 et
321 3907 412 3968 animi„
424 3908 466 3972 qni
485 3923 540 3957 euru
562 3905 669 3972 cogitat)
689 3923 736 3957 non
751 3909 895 3961 devenimus
916 3911 964 3960 nisi
983 3926 1028 3974 per
1048 3911 1197 3960 relationem

9 3984 11 4009 ἱ
100 3990 192 4040 illem:
219 3991 265 4040 sed
284 3991 379 4053 realia,
399 4008 472 4057 quum
492 3995 653 4044 condiciones
673 3995 739 4044 inter
761 4010 789 4044 se
809 3997 990 4045 contenduntur
1012 3992 1051 4058 (in
1070 3994 1116 4042 deo
1135 4009 1196 4043 con-

101 4077 172 4127 dicio
191 4076 372 4142 perfectionis,
403 4077 428 4125 in
446 4078 527 4127 animo
545 4085 641 4139 status,
667 4094 715 4142 quo
743 4078 837 4140 cogitat
858 4078 960 4145 deum),
987 4078 1065 4142 pluite
1085 4080 1153 4129 inter
1169 4095 1198 4130 se

100 4160 220 4228 sejuncto
233 4166 346 4212 eastimet.
383 4159 453 4226 Quod
472 4176 545 4225 quum
564 4163 695 4228 utriusque
716 4163 754 4212 rei
776 4162 910 4211 existentia
929 4162 963 4211 sit
982 4162 1076 4224 realis;
1095 4165 1196 4228 praedi-

102 4255 188 4298 catum
207 4263 322 4314 quoqne,
349 4245 414 4309 quod
433 4245 620 4297 alteriusutrius
631 4298 633 4303 f
646 4248 804 4297 existentiam
824 4245 938 4308 designat
962 4247 1034 4297 reule
1052 4248 1086 4297 sit
1103 4253 1199 4314 pariter

104 4348 213 4385 necesse
235 4340 281 4394 est,
300 4339 374 4396 utque
394 4343 451 4394 pars
470 4330 539 4380 aliud
559 4334 692 4397 quidquam
710 4333 838 4382 continere
858 4346 906 4382 nou
924 4318 1023 4397 potest,
1042 4348 1113 4398 quatu
1132 4337 1197 4401 quod

103 4418 168 4477 insit
188 4419 212 4467 in
232 4425 292 4467 toto.
328 4414 375 4466 listv
393 4415 470 4478 igitur
487 4418 655 4480 praedicatum
676 4417 824 4469 existentiae
844 4417 1012 4482 praedicatum
1030 4419 1111 4469 reule.
