<?xml version="1.0" encoding="UTF-8"?>
<!DOCTYPE html PUBLIC "-//W3C//DTD XHTML 1.0 Transitional//EN"
    "http://www.w3.org/TR/xhtml1/DTD/xhtml1-transitional.dtd">
<html xmlns="http://www.w3.org/1999/xhtml" xml:lang="en" lang="en">
 <head>
  <title>
</title>
<meta http-equiv="Content-Type" content="text/html;charset=utf-8" />
  <meta name='ocr-system' content='tesseract 3.04.00' />
  <meta name='ocr-capabilities' content='ocr_page ocr_carea ocr_par ocr_line ocrx_word'/>
</head>
<body>
  <div class='ocr_page' id='page_1' title='image "argumentaprodei00fricgoog_0081.png"; bbox 0 0 3044 5376; ppageno 0'>
   <div class='ocr_carea' id='block_1_1' title="bbox 752 466 1001 533">
    <p class='ocr_par' dir='ltr' id='par_1_1' title="bbox 752 466 1001 533">
     <span class='ocr_line' id='line_1_1' title="bbox 752 466 1001 533; baseline -0.008 -23"><span class='ocrx_word' id='word_1_1' title='bbox 752 466 1001 533; x_wconf 63' lang='lat'>..72-</span> 
     </span>
    </p>
   </div>
   <div class='ocr_carea' id='block_1_2' title="bbox 331 620 1427 1779">
    <p class='ocr_par' dir='ltr' id='par_1_2' title="bbox 331 620 1427 1779">
     <span class='ocr_line' id='line_1_2' title="bbox 332 620 1426 727; baseline -0.005 -20"><span class='ocrx_word' id='word_1_2' title='bbox 332 638 436 727; x_wconf 79' lang='lat' dir='ltr'><strong>logico</strong></span> <span class='ocrx_word' id='word_1_3' title='bbox 458 651 614 726; x_wconf 87' lang='lat' dir='ltr'><strong>quatenus</strong></span> <span class='ocrx_word' id='word_1_4' title='bbox 636 642 676 704; x_wconf 91' lang='lat' dir='ltr'><strong>ab</strong></span> <span class='ocrx_word' id='word_1_5' title='bbox 693 640 868 706; x_wconf 77' lang='lat' dir='ltr'><strong>universali</strong></span> <span class='ocrx_word' id='word_1_6' title='bbox 883 641 1093 721; x_wconf 82' lang='lat' dir='ltr'><strong>perfectionis</strong></span> <span class='ocrx_word' id='word_1_7' title='bbox 1108 640 1241 701; x_wconf 88' lang='lat' dir='ltr'><strong>notione</strong></span> <span class='ocrx_word' id='word_1_8' title='bbox 1254 620 1426 716; x_wconf 86' lang='lat' dir='ltr'><strong>repetitur,</strong></span> 
     </span>
     <span class='ocr_line' id='line_1_3' title="bbox 333 756 1425 842; baseline -0.003 -19"><span class='ocrx_word' id='word_1_9' title='bbox 333 759 413 823; x_wconf 90' lang='lat' dir='ltr'><strong>nihil</strong></span> <span class='ocrx_word' id='word_1_10' title='bbox 437 762 506 823; x_wconf 86' lang='lat' dir='ltr'><strong>lere</strong></span> <span class='ocrx_word' id='word_1_11' title='bbox 529 759 627 822; x_wconf 90' lang='lat' dir='ltr'><strong>habet</strong></span> <span class='ocrx_word' id='word_1_12' title='bbox 648 763 723 823; x_wconf 90' lang='lat' dir='ltr'><strong>novi</strong></span> <span class='ocrx_word' id='word_1_13' title='bbox 746 780 805 823; x_wconf 89' lang='lat' dir='ltr'><strong>uec</strong></span> <span class='ocrx_word' id='word_1_14' title='bbox 828 761 926 842; x_wconf 79' lang='lat' dir='ltr'><strong>igitur</strong></span> <span class='ocrx_word' id='word_1_15' title='bbox 949 764 1014 834; x_wconf 88' lang='lat' dir='ltr'><strong>est,</strong></span> <span class='ocrx_word' id='word_1_16' title='bbox 1038 774 1094 819; x_wconf 86' lang='lat' dir='ltr'><strong>cur</strong></span> <span class='ocrx_word' id='word_1_17' title='bbox 1117 770 1190 817; x_wconf 90' lang='lat' dir='ltr'><strong>eum</strong></span> <span class='ocrx_word' id='word_1_18' title='bbox 1213 756 1351 817; x_wconf 75' lang='lat' dir='ltr'>seorsim</span> <span class='ocrx_word' id='word_1_19' title='bbox 1373 777 1425 821; x_wconf 91' lang='lat' dir='ltr'><strong>re·</strong></span> 
     </span>
     <span class='ocr_line' id='line_1_4' title="bbox 332 848 1427 958; baseline -0.005 -17"><span class='ocrx_word' id='word_1_20' title='bbox 332 878 471 941; x_wconf 73' lang='lat' dir='ltr'><strong>tutemus</strong></span> <span class='ocrx_word' id='word_1_21' title='bbox 502 880 547 958; x_wconf 83' lang='lat' dir='ltr'><strong>(p.</strong></span> <span class='ocrx_word' id='word_1_22' title='bbox 572 882 634 940; x_wconf 86' lang='grc'><strong>306</strong></span> <span class='ocrx_word' id='word_1_23' title='bbox 656 848 768 958; x_wconf 66' lang='lat' dir='ltr'><strong>sequ).</strong></span> <span class='ocrx_word' id='word_1_24' title='bbox 812 874 887 939; x_wconf 90' lang='lat' dir='ltr'><strong>Duo</strong></span> <span class='ocrx_word' id='word_1_25' title='bbox 916 882 1041 955; x_wconf 85' lang='lat' dir='ltr'><strong>tantum</strong></span> <span class='ocrx_word' id='word_1_26' title='bbox 1070 871 1333 936; x_wconf 68' lang='lat' dir='ltr'><strong>Musonesouun</strong></span> <span class='ocrx_word' id='word_1_27' title='bbox 1361 875 1427 936; x_wconf 82' lang='lat' dir='ltr'><strong>viri</strong></span> 
     </span>
     <span class='ocr_line' id='line_1_5' title="bbox 332 990 1425 1078; baseline -0.005 -21"><span class='ocrx_word' id='word_1_28' title='bbox 332 994 465 1057; x_wconf 90' lang='lat' dir='ltr'><strong>subacto</strong></span> <span class='ocrx_word' id='word_1_29' title='bbox 487 995 624 1074; x_wconf 88' lang='lat' dir='ltr'><strong>praediti</strong></span> <span class='ocrx_word' id='word_1_30' title='bbox 646 997 776 1078; x_wconf 80' lang='lat' dir='ltr'><strong>ingenio</strong></span> <span class='ocrx_word' id='word_1_31' title='bbox 799 1002 874 1057; x_wconf 90' lang='lat' dir='ltr'><strong>sunt</strong></span> <span class='ocrx_word' id='word_1_32' title='bbox 894 996 1038 1073; x_wconf 87' lang='lat' dir='ltr'><strong>propria,</strong></span> <span class='ocrx_word' id='word_1_33' title='bbox 1061 1010 1198 1070; x_wconf 89' lang='lat' dir='ltr'><strong>quorum</strong></span> <span class='ocrx_word' id='word_1_34' title='bbox 1220 990 1321 1053; x_wconf 91' lang='lat' dir='ltr'><strong>verbo</strong></span> <span class='ocrx_word' id='word_1_35' title='bbox 1337 997 1425 1054; x_wconf 85' lang='lat' dir='ltr'><strong>certe</strong></span> 
     </span>
     <span class='ocr_line' id='line_1_6' title="bbox 332 1107 1423 1186; baseline -0.005 -12"><span class='ocrx_word' id='word_1_36' title='bbox 332 1114 528 1176; x_wconf 89' lang='lat' dir='ltr'><strong>mentionem</strong></span> <span class='ocrx_word' id='word_1_37' title='bbox 551 1113 681 1176; x_wconf 74' lang='lat' dir='ltr'><strong>faciam,</strong></span> <span class='ocrx_word' id='word_1_38' title='bbox 725 1110 873 1175; x_wconf 86' lang='lat' dir='ltr'><strong>Alterum</strong></span> <span class='ocrx_word' id='word_1_39' title='bbox 897 1111 1022 1173; x_wconf 80' lang='lat' dir='ltr'><strong>ducitur</strong></span> <span class='ocrx_word' id='word_1_40' title='bbox 1044 1129 1089 1172; x_wconf 85' lang='lat' dir='ltr'><strong>ex</strong></span> <span class='ocrx_word' id='word_1_41' title='bbox 1111 1117 1245 1172; x_wconf 85' lang='lat' dir='ltr'><strong>naturae</strong></span> <span class='ocrx_word' id='word_1_42' title='bbox 1267 1107 1423 1186; x_wconf 86' lang='lat' dir='ltr'><strong>indepen-</strong></span> 
     </span>
     <span class='ocr_line' id='line_1_7' title="bbox 331 1225 1426 1321; baseline -0.004 -30"><span class='ocrx_word' id='word_1_43' title='bbox 331 1228 437 1291; x_wconf 86' lang='lat' dir='ltr'><strong>dentis</strong></span> <span class='ocrx_word' id='word_1_44' title='bbox 460 1232 600 1294; x_wconf 85' lang='lat' dir='ltr'><strong>notione.</strong></span> <span class='ocrx_word' id='word_1_45' title='bbox 646 1228 806 1321; x_wconf 85' lang='lat' dir='ltr'><strong>„Etenim</strong></span> <span class='ocrx_word' id='word_1_46' title='bbox 838 1225 1197 1306; x_wconf 82' lang='lat' dir='ltr'><strong>notura-independens</strong></span> <span class='ocrx_word' id='word_1_47' title='bbox 1220 1234 1277 1289; x_wconf 87' lang='lat' dir='ltr'><strong>aut</strong></span> <span class='ocrx_word' id='word_1_48' title='bbox 1299 1233 1350 1288; x_wconf 84' lang='lat' dir='ltr'><strong>est</strong></span> <span class='ocrx_word' id='word_1_49' title='bbox 1370 1232 1426 1288; x_wconf 89' lang='lat' dir='ltr'><strong>aut</strong></span> 
     </span>
     <span class='ocr_line' id='line_1_8' title="bbox 334 1343 1423 1425; baseline -0.002 -18"><span class='ocrx_word' id='word_1_50' title='bbox 334 1366 398 1408; x_wconf 92' lang='lat' dir='ltr'><strong>non</strong></span> <span class='ocrx_word' id='word_1_51' title='bbox 420 1354 479 1409; x_wconf 86' lang='lat' dir='ltr'><strong>est.</strong></span> <span class='ocrx_word' id='word_1_52' title='bbox 525 1345 589 1411; x_wconf 86' lang='lat' dir='ltr'><strong>Ubi</strong></span> <span class='ocrx_word' id='word_1_53' title='bbox 619 1369 683 1410; x_wconf 92' lang='lat' dir='ltr'><strong>non</strong></span> <span class='ocrx_word' id='word_1_54' title='bbox 714 1356 782 1425; x_wconf 83' lang='lat' dir='ltr'><strong>est,</strong></span> <span class='ocrx_word' id='word_1_55' title='bbox 814 1367 885 1409; x_wconf 87' lang='lat' dir='ltr'><strong>esse</strong></span> <span class='ocrx_word' id='word_1_56' title='bbox 906 1343 1055 1423; x_wconf 77' lang='lat' dir='ltr'><strong>debebit,</strong></span> <span class='ocrx_word' id='word_1_57' title='bbox 1084 1364 1145 1407; x_wconf 85' lang='lat' dir='ltr'><strong>cur</strong></span> <span class='ocrx_word' id='word_1_58' title='bbox 1165 1346 1311 1406; x_wconf 87' lang='lat' dir='ltr'><strong>nonsit:</strong></span> <span class='ocrx_word' id='word_1_59' title='bbox 1343 1362 1423 1423; x_wconf 82' lang='lat' dir='ltr'><strong>quae</strong></span> 
     </span>
     <span class='ocr_line' id='line_1_9' title="bbox 332 1462 1423 1544; baseline -0.004 -18"><span class='ocrx_word' id='word_1_60' title='bbox 332 1484 428 1526; x_wconf 76' lang='lat' dir='ltr'><strong>causa</strong></span> <span class='ocrx_word' id='word_1_61' title='bbox 451 1473 507 1529; x_wconf 87' lang='lat' dir='ltr'><strong>aut</strong></span> <span class='ocrx_word' id='word_1_62' title='bbox 529 1462 571 1527; x_wconf 69' lang='lat' dir='ltr'><strong>iu¹</strong></span> <span class='ocrx_word' id='word_1_63' title='bbox 586 1472 700 1529; x_wconf 85' lang='lat' dir='ltr'><strong>natura</strong></span> <span class='ocrx_word' id='word_1_64' title='bbox 714 1464 943 1544; x_wconf 88' lang='lat' dir='ltr'><strong>independenti</strong></span> <span class='ocrx_word' id='word_1_65' title='bbox 958 1466 1029 1542; x_wconf 89' lang='lat' dir='ltr'><strong>ipsa</strong></span> <span class='ocrx_word' id='word_1_66' title='bbox 1047 1470 1104 1524; x_wconf 90' lang='lat' dir='ltr'><strong>aut</strong></span> <span class='ocrx_word' id='word_1_67' title='bbox 1117 1469 1214 1525; x_wconf 82' lang='lat' dir='ltr'><strong>extro</strong></span> <span class='ocrx_word' id='word_1_68' title='bbox 1230 1483 1301 1524; x_wconf 89' lang='lat' dir='ltr'><strong>eam</strong></span> <span class='ocrx_word' id='word_1_69' title='bbox 1320 1464 1423 1540; x_wconf 87' lang='lat' dir='ltr'><strong>posita</strong></span> 
     </span>
     <span class='ocr_line' id='line_1_10' title="bbox 332 1578 1422 1658; baseline -0.002 -16"><span class='ocrx_word' id='word_1_70' title='bbox 332 1600 403 1644; x_wconf 90' lang='lat' dir='ltr'><strong>esse</strong></span> <span class='ocrx_word' id='word_1_71' title='bbox 426 1583 585 1653; x_wconf 85' lang='lat' dir='ltr'><strong>censenda</strong></span> <span class='ocrx_word' id='word_1_72' title='bbox 606 1586 677 1646; x_wconf 87' lang='lat' dir='ltr'><strong>erit.</strong></span> <span class='ocrx_word' id='word_1_73' title='bbox 721 1582 793 1645; x_wconf 88' lang='lat' dir='ltr'><strong>Jam</strong></span> <span class='ocrx_word' id='word_1_74' title='bbox 813 1603 892 1645; x_wconf 86' lang='lat' dir='ltr'><strong>vero</strong></span> <span class='ocrx_word' id='word_1_75' title='bbox 915 1586 1016 1644; x_wconf 72' lang='lat' dir='ltr'><strong>extra</strong></span> <span class='ocrx_word' id='word_1_76' title='bbox 1039 1588 1187 1644; x_wconf 87' lang='lat' dir='ltr'><strong>naturam</strong></span> <span class='ocrx_word' id='word_1_77' title='bbox 1205 1578 1422 1658; x_wconf 90' lang='lat' dir='ltr'><strong>independen-</strong></span> 
     </span>
     <span class='ocr_line' id='line_1_11' title="bbox 331 1699 1424 1779; baseline -0.002 -19"><span class='ocrx_word' id='word_1_78' title='bbox 331 1706 395 1760; x_wconf 90' lang='lat' dir='ltr'><strong>tem</strong></span> <span class='ocrx_word' id='word_1_79' title='bbox 419 1702 480 1762; x_wconf 88' lang='lat' dir='ltr'><strong>sita</strong></span> <span class='ocrx_word' id='word_1_80' title='bbox 504 1720 660 1761; x_wconf 83' lang='lat' dir='ltr'><strong>essenon</strong></span> <span class='ocrx_word' id='word_1_81' title='bbox 684 1707 808 1779; x_wconf 87' lang='lat' dir='ltr'><strong>potest,</strong></span> <span class='ocrx_word' id='word_1_82' title='bbox 839 1702 955 1779; x_wconf 89' lang='lat' dir='ltr'><strong>quippe</strong></span> <span class='ocrx_word' id='word_1_83' title='bbox 985 1699 1068 1778; x_wconf 88' lang='lat' dir='ltr'><strong>quod</strong></span> <span class='ocrx_word' id='word_1_84' title='bbox 1091 1701 1193 1777; x_wconf 82' lang='lat' dir='ltr'>ipsam</span> <span class='ocrx_word' id='word_1_85' title='bbox 1217 1704 1353 1760; x_wconf 87' lang='lat' dir='ltr'><strong>naturae</strong></span> <span class='ocrx_word' id='word_1_86' title='bbox 1375 1702 1424 1759; x_wconf 79' lang='lat' dir='ltr'><strong>in·</strong></span> 
     </span>
    </p>
   </div>
   <div class='ocr_carea' id='block_1_3' title="bbox 221 1813 1422 1898">
    <p class='ocr_par' dir='ltr' id='par_1_3' title="bbox 221 1813 1422 1898">
     <span class='ocr_line' id='line_1_12' title="bbox 221 1813 1422 1898; baseline -0.003 -21"><span class='ocrx_word' id='word_1_87' title='bbox 221 1849 225 1856; x_wconf 95' lang='lat'><em>·</em></span> <span class='ocrx_word' id='word_1_88' title='bbox 332 1815 547 1898; x_wconf 77' lang='lat' dir='ltr'><strong>dependentis</strong></span> <span class='ocrx_word' id='word_1_89' title='bbox 567 1819 733 1879; x_wconf 87' lang='lat' dir='ltr'><strong>notionem</strong></span> <span class='ocrx_word' id='word_1_90' title='bbox 757 1824 897 1880; x_wconf 81' lang='lat' dir='ltr'><strong>evertet:</strong></span> <span class='ocrx_word' id='word_1_91' title='bbox 922 1837 980 1878; x_wconf 91' lang='lat' dir='ltr'><strong>uec</strong></span> <span class='ocrx_word' id='word_1_92' title='bbox 1003 1823 1038 1879; x_wconf 77' lang='lat' dir='ltr'><strong>in</strong></span> <span class='ocrx_word' id='word_1_93' title='bbox 1061 1824 1176 1879; x_wconf 87' lang='lat' dir='ltr'><strong>natura</strong></span> <span class='ocrx_word' id='word_1_94' title='bbox 1197 1813 1422 1893; x_wconf 87' lang='lat' dir='ltr'><strong>independenti</strong></span> 
     </span>
    </p>
   </div>
   <div class='ocr_carea' id='block_1_4' title="bbox 277 1933 1424 2251">
    <p class='ocr_par' dir='ltr' id='par_1_4' title="bbox 277 1933 1424 2251">
     <span class='ocr_line' id='line_1_13' title="bbox 331 1933 1423 2016; baseline -0.005 -19"><span class='ocrx_word' id='word_1_95' title='bbox 331 1935 403 2016; x_wconf 89' lang='lat' dir='ltr'><strong>ipsa</strong></span> <span class='ocrx_word' id='word_1_96' title='bbox 424 1941 513 1996; x_wconf 86' lang='lat' dir='ltr'><strong>recte</strong></span> <span class='ocrx_word' id='word_1_97' title='bbox 535 1936 715 2012; x_wconf 62' lang='lat' dir='ltr'><strong>quaesitum</strong></span> <span class='ocrx_word' id='word_1_98' title='bbox 738 1954 840 2013; x_wconf 90' lang='lat' dir='ltr'><strong>neque</strong></span> <span class='ocrx_word' id='word_1_99' title='bbox 863 1936 948 1996; x_wconf 92' lang='lat' dir='ltr'><strong>enim</strong></span> <span class='ocrx_word' id='word_1_100' title='bbox 973 1933 1160 2016; x_wconf 88' lang='lat' dir='ltr'><strong>hujusmodi</strong></span> <span class='ocrx_word' id='word_1_101' title='bbox 1184 1940 1318 1994; x_wconf 88' lang='lat' dir='ltr'><strong>naturae</strong></span> <span class='ocrx_word' id='word_1_102' title='bbox 1336 1933 1423 1992; x_wconf 90' lang='lat' dir='ltr'><strong>notio</strong></span> 
     </span>
     <span class='ocr_line' id='line_1_14' title="bbox 277 2047 1424 2134; baseline -0.003 -22"><span class='ocrx_word' id='word_1_103' title='bbox 277 2051 280 2057; x_wconf 77' lang='grc'>’</span> <span class='ocrx_word' id='word_1_104' title='bbox 331 2050 647 2130; x_wconf 87' lang='lat' dir='ltr'><strong>impossibilitatem,</strong></span> <span class='ocrx_word' id='word_1_105' title='bbox 676 2059 713 2114; x_wconf 90' lang='lat' dir='ltr'><strong>ut</strong></span> <span class='ocrx_word' id='word_1_106' title='bbox 742 2054 788 2113; x_wconf 92' lang='lat' dir='ltr'><strong>ita</strong></span> <span class='ocrx_word' id='word_1_107' title='bbox 817 2051 939 2127; x_wconf 83' lang='lat' dir='ltr'><strong>dicam,</strong></span> <span class='ocrx_word' id='word_1_108' title='bbox 973 2050 1111 2134; x_wconf 80' lang='lat' dir='ltr'><strong>logicam</strong></span> <span class='ocrx_word' id='word_1_109' title='bbox 1139 2052 1294 2112; x_wconf 87' lang='lat' dir='ltr'><strong>continet.</strong></span> <span class='ocrx_word' id='word_1_110' title='bbox 1339 2047 1424 2130; x_wconf 79' lang='lat' dir='ltr'><strong>Ergo</strong></span> 
     </span>
     <span class='ocr_line' id='line_1_15' title="bbox 331 2159 1424 2251; baseline -0.001 -23"><span class='ocrx_word' id='word_1_111' title='bbox 331 2188 396 2229; x_wconf 91' lang='lat' dir='ltr'><strong>non</strong></span> <span class='ocrx_word' id='word_1_112' title='bbox 426 2176 494 2246; x_wconf 88' lang='lat' dir='ltr'><strong>est,</strong></span> <span class='ocrx_word' id='word_1_113' title='bbox 527 2189 582 2232; x_wconf 86' lang='lat' dir='ltr'><strong>cur</strong></span> <span class='ocrx_word' id='word_1_114' title='bbox 605 2170 749 2231; x_wconf 90' lang='lat' dir='ltr'><strong>nonsit:</strong></span> <span class='ocrx_word' id='word_1_115' title='bbox 781 2189 856 2251; x_wconf 82' lang='lat' dir='ltr'><strong>ergo</strong></span> <span class='ocrx_word' id='word_1_116' title='bbox 879 2173 972 2231; x_wconf 88' lang='lat' dir='ltr'><strong>est.“</strong></span> <span class='ocrx_word' id='word_1_117' title='bbox 994 2202 1036 2215; x_wconf 91' lang='lat'><em>-</em></span> <span class='ocrx_word' id='word_1_118' title='bbox 1068 2167 1235 2230; x_wconf 83' lang='lat' dir='ltr'><strong>Eximium</strong></span> <span class='ocrx_word' id='word_1_119' title='bbox 1258 2159 1353 2228; x_wconf 83' lang='lat' dir='ltr'><strong>n&#39;obis</strong></span> <span class='ocrx_word' id='word_1_120' title='bbox 1375 2167 1424 2227; x_wconf 90' lang='lat' dir='ltr'><strong>vir</strong></span> 
     </span>
    </p>
   </div>
   <div class='ocr_carea' id='block_1_5' title="bbox 330 2281 1513 2369">
    <p class='ocr_par' dir='ltr' id='par_1_5' title="bbox 330 2281 1513 2369">
     <span class='ocr_line' id='line_1_16' title="bbox 330 2281 1513 2369; baseline -0.003 -22"><span class='ocrx_word' id='word_1_121' title='bbox 330 2281 461 2349; x_wconf 91' lang='lat' dir='ltr'><strong>subtilis</strong></span> <span class='ocrx_word' id='word_1_122' title='bbox 483 2287 704 2348; x_wconf 91' lang='lat' dir='ltr'><strong>testimonium</strong></span> <span class='ocrx_word' id='word_1_123' title='bbox 728 2287 923 2364; x_wconf 82' lang='lat' dir='ltr'><strong>impertivit,</strong></span> <span class='ocrx_word' id='word_1_124' title='bbox 954 2307 1015 2366; x_wconf 84' lang='lat' dir='ltr'><strong>qua</strong></span> <span class='ocrx_word' id='word_1_125' title='bbox 1045 2287 1195 2348; x_wconf 81' lang='lat' dir='ltr'><strong>cautione</strong></span> <span class='ocrx_word' id='word_1_126' title='bbox 1220 2306 1299 2364; x_wconf 89' lang='lat' dir='ltr'><strong>opus</strong></span> <span class='ocrx_word' id='word_1_127' title='bbox 1322 2287 1368 2346; x_wconf 88' lang='lat' dir='ltr'><strong>sit</strong></span> <span class='ocrx_word' id='word_1_128' title='bbox 1391 2286 1423 2345; x_wconf 95' lang='lat' dir='ltr'><strong>in</strong></span> <span class='ocrx_word' id='word_1_129' title='bbox 1512 2366 1513 2369; x_wconf 8' lang='grc' dir='ltr'><strong>Ἴ</strong></span> 
     </span>
    </p>
   </div>
   <div class='ocr_carea' id='block_1_6' title="bbox 330 2394 1513 2486">
    <p class='ocr_par' dir='ltr' id='par_1_6' title="bbox 330 2394 1513 2486">
     <span class='ocr_line' id='line_1_17' title="bbox 330 2394 1513 2486; baseline -0.001 -23"><span class='ocrx_word' id='word_1_130' title='bbox 330 2401 511 2467; x_wconf 86' lang='lat' dir='ltr'><strong>rationibus</strong></span> <span class='ocrx_word' id='word_1_131' title='bbox 533 2399 764 2482; x_wconf 75' lang='lat' dir='ltr'><strong>metaphysicis</strong></span> <span class='ocrx_word' id='word_1_132' title='bbox 780 2413 812 2465; x_wconf 92' lang='lat' dir='ltr'><strong>et</strong></span> <span class='ocrx_word' id='word_1_133' title='bbox 827 2402 943 2486; x_wconf 82' lang='lat' dir='ltr'><strong>logicis</strong></span> <span class='ocrx_word' id='word_1_134' title='bbox 958 2402 1205 2485; x_wconf 83' lang='lat' dir='ltr'><strong>distinguendis.</strong></span> <span class='ocrx_word' id='word_1_135' title='bbox 1248 2402 1424 2465; x_wconf 83' lang='lat' dir='ltr'><strong>Enimvero</strong></span> <span class='ocrx_word' id='word_1_136' title='bbox 1512 2394 1513 2397; x_wconf 27' lang='lat'>¹</span> 
     </span>
    </p>
   </div>
   <div class='ocr_carea' id='block_1_7' title="bbox 330 2515 1425 2604">
    <p class='ocr_par' dir='ltr' id='par_1_7' title="bbox 330 2515 1425 2604">
     <span class='ocr_line' id='line_1_18' title="bbox 330 2515 1425 2604; baseline 0.004 -27"><span class='ocrx_word' id='word_1_137' title='bbox 330 2515 532 2598; x_wconf 87' lang='lat' dir='ltr'><strong>largiendum</strong></span> <span class='ocrx_word' id='word_1_138' title='bbox 548 2521 682 2582; x_wconf 88' lang='lat' dir='ltr'><strong>estsine</strong></span> <span class='ocrx_word' id='word_1_139' title='bbox 697 2518 765 2582; x_wconf 92' lang='lat' dir='ltr'><strong>ulla</strong></span> <span class='ocrx_word' id='word_1_140' title='bbox 779 2524 1007 2584; x_wconf 79' lang='lat' dir='ltr'><strong>retractatione</strong></span> <span class='ocrx_word' id='word_1_141' title='bbox 1017 2521 1115 2604; x_wconf 86' lang='lat' dir='ltr'><strong>(quod</strong></span> <span class='ocrx_word' id='word_1_142' title='bbox 1131 2518 1273 2583; x_wconf 85' lang='lat' dir='ltr'><strong>demiror</strong></span> <span class='ocrx_word' id='word_1_143' title='bbox 1287 2519 1425 2582; x_wconf 76' lang='lat' dir='ltr'><strong>Hnsrun</strong></span> 
     </span>
    </p>
   </div>
   <div class='ocr_carea' id='block_1_8' title="bbox 330 2629 1512 2717">
    <p class='ocr_par' dir='ltr' id='par_1_8' title="bbox 330 2629 1512 2717">
     <span class='ocr_line' id='line_1_19' title="bbox 330 2629 1512 2717; baseline 0.007 -24"><span class='ocrx_word' id='word_1_144' title='bbox 330 2629 509 2709; x_wconf 84' lang='lat' dir='ltr'><strong>dubitasse)</strong></span> <span class='ocrx_word' id='word_1_145' title='bbox 541 2644 685 2698; x_wconf 87' lang='lat' dir='ltr'><strong>naturam</strong></span> <span class='ocrx_word' id='word_1_146' title='bbox 720 2638 988 2717; x_wconf 89' lang='lat' dir='ltr'><strong>independentem</strong></span> <span class='ocrx_word' id='word_1_147' title='bbox 1016 2638 1071 2702; x_wconf 89' lang='lat' dir='ltr'><strong>ubi</strong></span> <span class='ocrx_word' id='word_1_148' title='bbox 1101 2644 1231 2717; x_wconf 87' lang='lat' dir='ltr'><strong>putetur</strong></span> <span class='ocrx_word' id='word_1_149' title='bbox 1253 2659 1317 2700; x_wconf 89' lang='lat' dir='ltr'><strong>uon</strong></span> <span class='ocrx_word' id='word_1_150' title='bbox 1341 2658 1424 2713; x_wconf 88' lang='lat' dir='ltr'><strong>esse,</strong></span> <span class='ocrx_word' id='word_1_151' title='bbox 1511 2670 1512 2693; x_wconf 74' lang='grc' dir='ltr'>ι</span> 
     </span>
    </p>
   </div>
   <div class='ocr_carea' id='block_1_9' title="bbox 294 2743 1424 3775">
    <p class='ocr_par' dir='ltr' id='par_1_9' title="bbox 294 2743 1423 3775">
     <span class='ocr_line' id='line_1_20' title="bbox 334 2743 1423 2837; baseline 0.009 -31"><span class='ocrx_word' id='word_1_152' title='bbox 334 2743 453 2808; x_wconf 86' lang='lat' dir='ltr'><strong>habero</strong></span> <span class='ocrx_word' id='word_1_153' title='bbox 475 2747 610 2825; x_wconf 89' lang='lat' dir='ltr'><strong>debere,</strong></span> <span class='ocrx_word' id='word_1_154' title='bbox 633 2752 840 2829; x_wconf 86' lang='lat' dir='ltr'><strong>quamobrem</strong></span> <span class='ocrx_word' id='word_1_155' title='bbox 864 2774 927 2817; x_wconf 92' lang='lat' dir='ltr'><strong>non</strong></span> <span class='ocrx_word' id='word_1_156' title='bbox 948 2758 992 2816; x_wconf 90' lang='lat' dir='ltr'><strong>sit</strong></span> <span class='ocrx_word' id='word_1_157' title='bbox 1003 2759 1041 2837; x_wconf 65' lang='lat' dir='ltr'><strong>*t</strong></span> <span class='ocrx_word' id='word_1_158' title='bbox 1089 2755 1209 2820; x_wconf 85' lang='lat' dir='ltr'><strong>Verum</strong></span> <span class='ocrx_word' id='word_1_159' title='bbox 1224 2753 1280 2817; x_wconf 93' lang='lat' dir='ltr'><strong>ubi</strong></span> <span class='ocrx_word' id='word_1_160' title='bbox 1294 2752 1423 2817; x_wconf 81' lang='lat' dir='ltr'><strong>oausam</strong></span> 
     </span>
     <span class='ocr_line' id='line_1_21' title="bbox 331 2869 1423 2952; baseline 0.007 -27"><span class='ocrx_word' id='word_1_161' title='bbox 331 2884 388 2926; x_wconf 86' lang='lat' dir='ltr'><strong>cur</strong></span> <span class='ocrx_word' id='word_1_162' title='bbox 417 2872 531 2928; x_wconf 82' lang='lat' dir='ltr'><strong>notura</strong></span> <span class='ocrx_word' id='word_1_163' title='bbox 560 2869 778 2949; x_wconf 83' lang='lat' dir='ltr'><strong>independens</strong></span> <span class='ocrx_word' id='word_1_164' title='bbox 800 2892 864 2933; x_wconf 87' lang='lat' dir='ltr'><strong>non</strong></span> <span class='ocrx_word' id='word_1_165' title='bbox 887 2873 948 2950; x_wconf 90' lang='lat' dir='ltr'><strong>sit,</strong></span> <span class='ocrx_word' id='word_1_166' title='bbox 979 2881 1075 2936; x_wconf 82' lang='lat' dir='ltr'><strong>extra</strong></span> <span class='ocrx_word' id='word_1_167' title='bbox 1096 2872 1178 2936; x_wconf 91' lang='lat' dir='ltr'><strong>hanc</strong></span> <span class='ocrx_word' id='word_1_168' title='bbox 1200 2877 1305 2952; x_wconf 82' lang='lat' dir='ltr'><strong>ipsam</strong></span> <span class='ocrx_word' id='word_1_169' title='bbox 1327 2875 1423 2935; x_wconf 89' lang='lat' dir='ltr'><strong>sitam</strong></span> 
     </span>
     <span class='ocr_line' id='line_1_22' title="bbox 331 2993 1423 3070; baseline 0.007 -27"><span class='ocrx_word' id='word_1_170' title='bbox 331 3002 402 3044; x_wconf 87' lang='lat' dir='ltr'><strong>esse</strong></span> <span class='ocrx_word' id='word_1_171' title='bbox 417 3004 511 3062; x_wconf 90' lang='lat' dir='ltr'><strong>posse</strong></span> <span class='ocrx_word' id='word_1_172' title='bbox 525 2995 636 3069; x_wconf 80' lang='lat' dir='ltr'><strong>negat3</strong></span> <span class='ocrx_word' id='word_1_173' title='bbox 661 2993 801 3067; x_wconf 88' lang='lat' dir='ltr'><strong>pessimo</strong></span> <span class='ocrx_word' id='word_1_174' title='bbox 819 3010 928 3052; x_wconf 92' lang='lat' dir='ltr'><strong>errore</strong></span> <span class='ocrx_word' id='word_1_175' title='bbox 945 2994 1107 3054; x_wconf 89' lang='lat' dir='ltr'><strong>notionem</strong></span> <span class='ocrx_word' id='word_1_176' title='bbox 1120 2994 1169 3055; x_wconf 90' lang='lat' dir='ltr'><strong>rei</strong></span> <span class='ocrx_word' id='word_1_177' title='bbox 1187 3001 1220 3054; x_wconf 93' lang='lat' dir='ltr'><strong>et</strong></span> <span class='ocrx_word' id='word_1_178' title='bbox 1236 3011 1304 3053; x_wconf 90' lang='lat' dir='ltr'><strong>rem</strong></span> <span class='ocrx_word' id='word_1_179' title='bbox 1320 2993 1423 3070; x_wconf 86' lang='lat' dir='ltr'><strong>ipsam</strong></span> 
     </span>
     <span class='ocr_line' id='line_1_23' title="bbox 330 3101 1424 3190; baseline 0.009 -31"><span class='ocrx_word' id='word_1_180' title='bbox 330 3101 415 3161; x_wconf 89' lang='lat' dir='ltr'><strong>inter</strong></span> <span class='ocrx_word' id='word_1_181' title='bbox 435 3120 471 3162; x_wconf 88' lang='lat' dir='ltr'><strong>se</strong></span> <span class='ocrx_word' id='word_1_182' title='bbox 494 3104 650 3169; x_wconf 84' lang='lat' dir='ltr'><strong>confudit.</strong></span> <span class='ocrx_word' id='word_1_183' title='bbox 696 3105 801 3170; x_wconf 78' lang='lat' dir='ltr'><strong>Noto</strong></span> <span class='ocrx_word' id='word_1_184' title='bbox 831 3105 936 3189; x_wconf 87' lang='lat' dir='ltr'><strong>(verbi</strong></span> <span class='ocrx_word' id='word_1_185' title='bbox 965 3112 1074 3190; x_wconf 83' lang='lat' dir='ltr'><strong>causa)</strong></span> <span class='ocrx_word' id='word_1_186' title='bbox 1104 3118 1239 3173; x_wconf 86' lang='lat' dir='ltr'><strong>naturae</strong></span> <span class='ocrx_word' id='word_1_187' title='bbox 1268 3109 1424 3187; x_wconf 88' lang='lat' dir='ltr'><strong>indepen-</strong></span> 
     </span>
     <span class='ocr_line' id='line_1_24' title="bbox 294 3214 1423 3303; baseline 0.013 -29"><span class='ocrx_word' id='word_1_188' title='bbox 294 3228 298 3233; x_wconf 81' lang='grc'><strong>“</strong></span> <span class='ocrx_word' id='word_1_189' title='bbox 330 3214 436 3277; x_wconf 86' lang='lat' dir='ltr'><strong>dentis</strong></span> <span class='ocrx_word' id='word_1_190' title='bbox 460 3221 581 3283; x_wconf 86' lang='lat' dir='ltr'><strong>exinde</strong></span> <span class='ocrx_word' id='word_1_191' title='bbox 604 3222 784 3301; x_wconf 90' lang='lat' dir='ltr'><strong>tolleretur,</strong></span> <span class='ocrx_word' id='word_1_192' title='bbox 807 3227 835 3286; x_wconf 88' lang='lat' dir='ltr'><strong>si</strong></span> <span class='ocrx_word' id='word_1_193' title='bbox 858 3228 929 3303; x_wconf 86' lang='lat' dir='ltr'><strong>quis</strong></span> <span class='ocrx_word' id='word_1_194' title='bbox 951 3228 1059 3288; x_wconf 87' lang='lat' dir='ltr'><strong>omnia</strong></span> <span class='ocrx_word' id='word_1_195' title='bbox 1080 3225 1245 3290; x_wconf 86' lang='lat' dir='ltr'><strong>dictitaret</strong></span> <span class='ocrx_word' id='word_1_196' title='bbox 1265 3247 1337 3288; x_wconf 88' lang='lat' dir='ltr'><strong>esse</strong></span> <span class='ocrx_word' id='word_1_197' title='bbox 1358 3227 1423 3289; x_wconf 86' lang='lat' dir='ltr'><strong>lor·</strong></span> 
     </span>
     <span class='ocr_line' id='line_1_25' title="bbox 329 3334 1421 3431; baseline 0.011 -37"><span class='ocrx_word' id='word_1_198' title='bbox 329 3334 423 3411; x_wconf 86' lang='lat' dir='ltr'><strong>tuita,</strong></span> <span class='ocrx_word' id='word_1_199' title='bbox 447 3336 562 3417; x_wconf 84' lang='lat' dir='ltr'><strong>quippe</strong></span> <span class='ocrx_word' id='word_1_200' title='bbox 585 3359 666 3418; x_wconf 86' lang='lat' dir='ltr'><strong>quae</strong></span> <span class='ocrx_word' id='word_1_201' title='bbox 690 3360 761 3403; x_wconf 89' lang='lat' dir='ltr'><strong>sese</strong></span> <span class='ocrx_word' id='word_1_202' title='bbox 777 3344 915 3404; x_wconf 87' lang='lat' dir='ltr'><strong>invicem</strong></span> <span class='ocrx_word' id='word_1_203' title='bbox 931 3340 1106 3406; x_wconf 88' lang='lat' dir='ltr'><strong>definirent</strong></span> <span class='ocrx_word' id='word_1_204' title='bbox 1125 3346 1322 3431; x_wconf 81' lang='lat' dir='ltr'><strong>(cogitasse</strong></span> <span class='ocrx_word' id='word_1_205' title='bbox 1314 3354 1421 3407; x_wconf 88' lang='lat' dir='ltr'><strong>autem</strong></span> 
     </span>
     <span class='ocr_line' id='line_1_26' title="bbox 329 3447 1420 3540; baseline 0.012 -30"><span class='ocrx_word' id='word_1_206' title='bbox 329 3447 628 3520; x_wconf 76' lang='lat' dir='ltr'><strong>Munnnnsorrmum</strong></span> <span class='ocrx_word' id='word_1_207' title='bbox 649 3456 689 3521; x_wconf 89' lang='lat' dir='ltr'><strong>de</strong></span> <span class='ocrx_word' id='word_1_208' title='bbox 713 3466 827 3523; x_wconf 88' lang='lat' dir='ltr'><strong>natura</strong></span> <span class='ocrx_word' id='word_1_209' title='bbox 849 3461 986 3540; x_wconf 88' lang='lat' dir='ltr'><strong>quadam</strong></span> <span class='ocrx_word' id='word_1_210' title='bbox 1020 3450 1251 3540; x_wconf 88' lang='lat' dir='ltr'><strong>independenti</strong></span> <span class='ocrx_word' id='word_1_211' title='bbox 1280 3462 1322 3524; x_wconf 82' lang='lat' dir='ltr'><strong>ub</strong></span> <span class='ocrx_word' id='word_1_212' title='bbox 1352 3463 1420 3524; x_wconf 91' lang='lat' dir='ltr'><strong>uni-</strong></span> 
     </span>
     <span class='ocr_line' id='line_1_27' title="bbox 330 3569 1421 3661; baseline 0.014 -35"><span class='ocrx_word' id='word_1_213' title='bbox 330 3587 425 3629; x_wconf 86' lang='lat' dir='ltr'><strong>verso</strong></span> <span class='ocrx_word' id='word_1_214' title='bbox 448 3569 618 3654; x_wconf 88' lang='lat' dir='ltr'><strong>distincta,</strong></span> <span class='ocrx_word' id='word_1_215' title='bbox 650 3584 683 3640; x_wconf 89' lang='lat' dir='ltr'><strong>et</strong></span> <span class='ocrx_word' id='word_1_216' title='bbox 712 3581 810 3642; x_wconf 88' lang='lat' dir='ltr'><strong>totius</strong></span> <span class='ocrx_word' id='word_1_217' title='bbox 840 3578 1066 3661; x_wconf 81' lang='lat' dir='ltr'><strong>philosophiae</strong></span> <span class='ocrx_word' id='word_1_218' title='bbox 1087 3577 1421 3644; x_wconf 76' lang='lat' dir='ltr'><strong>Mnunsnsormmnrr</strong></span> 
     </span>
     <span class='ocr_line' id='line_1_28' title="bbox 330 3676 1422 3775; baseline 0.015 -33"><span class='ocrx_word' id='word_1_219' title='bbox 330 3683 496 3762; x_wconf 87' lang='lat' dir='ltr'><strong>principiis</strong></span> <span class='ocrx_word' id='word_1_220' title='bbox 529 3702 578 3755; x_wconf 87' lang='lat' dir='ltr'><strong>est</strong></span> <span class='ocrx_word' id='word_1_221' title='bbox 605 3703 855 3760; x_wconf 86' lang='lat' dir='ltr'><strong>cousentaneum</strong></span> <span class='ocrx_word' id='word_1_222' title='bbox 887 3697 928 3760; x_wconf 83' lang='lat' dir='ltr'><strong>cl.</strong></span> <span class='ocrx_word' id='word_1_223' title='bbox 961 3695 981 3757; x_wconf 90' lang='lat' dir='ltr'><strong>l.</strong></span> <span class='ocrx_word' id='word_1_224' title='bbox 1012 3718 1038 3760; x_wconf 86' lang='lat' dir='ltr'><strong>c.</strong></span> <span class='ocrx_word' id='word_1_225' title='bbox 1067 3719 1097 3775; x_wconf 85' lang='lat' dir='ltr'><strong>p.</strong></span> <span class='ocrx_word' id='word_1_226' title='bbox 1119 3701 1190 3760; x_wconf 79' lang='lat'><strong>233.</strong></span> <span class='ocrx_word' id='word_1_227' title='bbox 1223 3706 1257 3761; x_wconf 90' lang='lat' dir='ltr'><strong>et</strong></span> <span class='ocrx_word' id='word_1_228' title='bbox 1280 3676 1422 3760; x_wconf 84' lang='lat' dir='ltr'><strong>maxime</strong></span> 
     </span>
    </p>
   </div>
   <div class='ocr_carea' id='block_1_10' title="bbox 325 3873 561 3883">
    <p class='ocr_par' dir='ltr' id='par_1_10' title="bbox 325 3873 561 3883">
     <span class='ocr_line' id='line_1_29' title="bbox 325 3873 561 3883; baseline 0.021 -5"><span class='ocrx_word' id='word_1_229' title='bbox 325 3873 561 3883; x_wconf 50' lang='lat' dir='ltr'><strong>...um—-</strong></span> 
     </span>
    </p>
   </div>
   <div class='ocr_carea' id='block_1_11' title="bbox 330 3994 1423 4322">
    <p class='ocr_par' dir='ltr' id='par_1_11' title="bbox 330 3994 1423 4322">
     <span class='ocr_line' id='line_1_30' title="bbox 398 3994 1421 4064; baseline -0.001 -17.985"><span class='ocrx_word' id='word_1_230' title='bbox 398 3994 427 4061; x_wconf 76' lang='lat'><strong>*)</strong></span> <span class='ocrx_word' id='word_1_231' title='bbox 446 3994 573 4046; x_wconf 85' lang='lat' dir='ltr'><strong>Videlicet</strong></span> <span class='ocrx_word' id='word_1_232' title='bbox 590 3997 704 4047; x_wconf 84' lang='lat' dir='ltr'><strong>atheistis</strong></span> <span class='ocrx_word' id='word_1_233' title='bbox 726 3999 881 4063; x_wconf 87' lang='lat' dir='ltr'><strong>potissimum</strong></span> <span class='ocrx_word' id='word_1_234' title='bbox 903 4001 924 4049; x_wconf 90' lang='lat' dir='ltr'><strong>si</strong></span> <span class='ocrx_word' id='word_1_235' title='bbox 944 4001 986 4064; x_wconf 88' lang='lat' dir='ltr'><strong>qui</strong></span> <span class='ocrx_word' id='word_1_236' title='bbox 1005 4009 1069 4062; x_wconf 82' lang='lat' dir='ltr'><strong>sunt,</strong></span> <span class='ocrx_word' id='word_1_237' title='bbox 1089 4004 1137 4051; x_wconf 85' lang='lat' dir='ltr'><strong>boo</strong></span> <span class='ocrx_word' id='word_1_238' title='bbox 1152 4001 1223 4051; x_wconf 85' lang='lat' dir='ltr'><strong>cordi</strong></span> <span class='ocrx_word' id='word_1_239' title='bbox 1240 4017 1298 4050; x_wconf 84' lang='lat' dir='ltr'><strong>esse</strong></span> <span class='ocrx_word' id='word_1_240' title='bbox 1312 3998 1421 4049; x_wconf 84' lang='lat' dir='ltr'><strong>debebit</strong></span> 
     </span>
     <span class='ocr_line' id='line_1_31' title="bbox 330 4079 1421 4151; baseline 0.002 -21.002"><span class='ocrx_word' id='word_1_241' title='bbox 330 4079 385 4130; x_wconf 86' lang='lat' dir='ltr'><strong>Non</strong></span> <span class='ocrx_word' id='word_1_242' title='bbox 409 4087 526 4144; x_wconf 84' lang='lat' dir='ltr'><strong>poterunt</strong></span> <span class='ocrx_word' id='word_1_243' title='bbox 553 4083 710 4133; x_wconf 83' lang='lat' dir='ltr'><strong>satisbabere</strong></span> <span class='ocrx_word' id='word_1_244' title='bbox 736 4100 780 4145; x_wconf 87' lang='lat' dir='ltr'><strong>eo,</strong></span> <span class='ocrx_word' id='word_1_245' title='bbox 807 4086 872 4148; x_wconf 87' lang='lat' dir='ltr'><strong>quod</strong></span> <span class='ocrx_word' id='word_1_246' title='bbox 898 4094 1042 4147; x_wconf 82' lang='lat' dir='ltr'><strong>argumenta</strong></span> <span class='ocrx_word' id='word_1_247' title='bbox 1062 4102 1105 4151; x_wconf 91' lang='lat' dir='ltr'><strong>pro</strong></span> <span class='ocrx_word' id='word_1_248' title='bbox 1129 4088 1170 4136; x_wconf 89' lang='lat' dir='ltr'><strong>dei</strong></span> <span class='ocrx_word' id='word_1_249' title='bbox 1189 4086 1325 4136; x_wconf 83' lang='lat' dir='ltr'><strong>existentia</strong></span> <span class='ocrx_word' id='word_1_250' title='bbox 1344 4084 1421 4134; x_wconf 83' lang='lat' dir='ltr'><strong>allate</strong></span> 
     </span>
     <span class='ocr_line' id='line_1_32' title="bbox 330 4168 1422 4235; baseline 0.004 -23"><span class='ocrx_word' id='word_1_251' title='bbox 330 4171 358 4213; x_wconf 90' lang='lat' dir='ltr'><strong>ut</strong></span> <span class='ocrx_word' id='word_1_252' title='bbox 375 4174 512 4226; x_wconf 78' lang='lat' dir='ltr'><strong>agnoscant</strong></span> <span class='ocrx_word' id='word_1_253' title='bbox 529 4168 577 4217; x_wconf 89' lang='lat' dir='ltr'><strong>sibi</strong></span> <span class='ocrx_word' id='word_1_254' title='bbox 596 4184 644 4217; x_wconf 95' lang='lat' dir='ltr'><strong>non</strong></span> <span class='ocrx_word' id='word_1_255' title='bbox 663 4170 779 4218; x_wconf 77' lang='lat' dir='ltr'><strong>sidentur</strong></span> <span class='ocrx_word' id='word_1_256' title='bbox 797 4171 868 4233; x_wconf 75' lang='lat' dir='ltr'><strong>eogi3</strong></span> <span class='ocrx_word' id='word_1_257' title='bbox 888 4187 973 4221; x_wconf 87' lang='lat' dir='ltr'><strong>verum</strong></span> <span class='ocrx_word' id='word_1_258' title='bbox 992 4169 1102 4220; x_wconf 84' lang='lat' dir='ltr'><strong>rationes</strong></span> <span class='ocrx_word' id='word_1_259' title='bbox 1122 4186 1268 4235; x_wconf 85' lang='lat' dir='ltr'><strong>expromere</strong></span> <span class='ocrx_word' id='word_1_260' title='bbox 1289 4170 1422 4224; x_wconf 89' lang='lat' dir='ltr'><strong>debebunt</strong></span> 
     </span>
     <span class='ocr_line' id='line_1_33' title="bbox 331 4252 1423 4322; baseline 0.004 -26"><span class='ocrx_word' id='word_1_261' title='bbox 331 4260 377 4296; x_wconf 85' lang='lat' dir='ltr'><strong>cur</strong></span> <span class='ocrx_word' id='word_1_262' title='bbox 402 4266 417 4297; x_wconf 86' lang='lat' dir='ltr'><strong>a</strong></span> <span class='ocrx_word' id='word_1_263' title='bbox 440 4252 594 4302; x_wconf 82' lang='lat' dir='ltr'><strong>dubitatione</strong></span> <span class='ocrx_word' id='word_1_264' title='bbox 620 4255 651 4302; x_wconf 91' lang='lat' dir='ltr'><strong>ad</strong></span> <span class='ocrx_word' id='word_1_265' title='bbox 680 4256 785 4316; x_wconf 74' lang='lat' dir='ltr'><strong>negandi</strong></span> <span class='ocrx_word' id='word_1_266' title='bbox 812 4256 951 4305; x_wconf 84' lang='lat' dir='ltr'><strong>firmitatem</strong></span> <span class='ocrx_word' id='word_1_267' title='bbox 970 4256 1087 4321; x_wconf 74' lang='lat' dir='ltr'><strong>progredi</strong></span> <span class='ocrx_word' id='word_1_268' title='bbox 1106 4257 1223 4307; x_wconf 84' lang='lat' dir='ltr'><strong>uudeent.</strong></span> <span class='ocrx_word' id='word_1_269' title='bbox 1261 4255 1333 4322; x_wconf 74' lang='lat' dir='ltr'><strong>Quod</strong></span> <span class='ocrx_word' id='word_1_270' title='bbox 1353 4270 1423 4319; x_wconf 89' lang='lat' dir='ltr'><strong>quom</strong></span> 
     </span>
    </p>
   </div>
   <div class='ocr_carea' id='block_1_12' title="bbox 332 4339 1423 4484">
    <p class='ocr_par' dir='ltr' id='par_1_12' title="bbox 332 4339 1423 4484">
     <span class='ocr_line' id='line_1_34' title="bbox 332 4339 1423 4467; baseline 0.005 -86"><span class='ocrx_word' id='word_1_271' title='bbox 332 4348 379 4382; x_wconf 92' lang='lat' dir='ltr'><strong>non</strong></span> <span class='ocrx_word' id='word_1_272' title='bbox 398 4344 503 4397; x_wconf 88' lang='lat' dir='ltr'><strong>queant,</strong></span> <span class='ocrx_word' id='word_1_273' title='bbox 523 4339 630 4389; x_wconf 86' lang='lat' dir='ltr'><strong>atbeista</strong></span> <span class='ocrx_word' id='word_1_274' title='bbox 649 4340 738 4390; x_wconf 85' lang='lat' dir='ltr'><strong>mentis</strong></span> <span class='ocrx_word' id='word_1_275' title='bbox 757 4356 833 4391; x_wconf 83' lang='lat' dir='ltr'><strong>sanae</strong></span> <span class='ocrx_word' id='word_1_276' title='bbox 848 4356 895 4390; x_wconf 92' lang='lat' dir='ltr'><strong>non</strong></span> <span class='ocrx_word' id='word_1_277' title='bbox 907 4341 1028 4407; x_wconf 85' lang='lat' dir='ltr'><strong>impotens</strong></span> <span class='ocrx_word' id='word_1_278' title='bbox 1049 4358 1079 4392; x_wconf 89' lang='lat' dir='ltr'><strong>ne</strong></span> <span class='ocrx_word' id='word_1_279' title='bbox 1099 4343 1204 4467; x_wconf 77' lang='lat' dir='ltr'><strong>cogitari</strong></span> <span class='ocrx_word' id='word_1_280' title='bbox 1225 4341 1325 4407; x_wconf 86' lang='lat' dir='ltr'><strong>quidem</strong></span> <span class='ocrx_word' id='word_1_281' title='bbox 1343 4344 1423 4405; x_wconf 86' lang='lat' dir='ltr'><strong>potest</strong></span> 
     </span>
     <span class='ocr_line' id='line_1_35' title="bbox 333 4419 535 4484; baseline 0.015 -16"><span class='ocrx_word' id='word_1_282' title='bbox 333 4419 381 4468; x_wconf 90' lang='lat' dir='ltr'><strong>nisi</strong></span> <span class='ocrx_word' id='word_1_283' title='bbox 400 4420 535 4484; x_wconf 74' lang='lat' dir='ltr'><strong>scepticae</strong></span> 
     </span>
    </p>
   </div>
   <div class='ocr_carea' id='block_1_13' title="bbox 1508 3172 1511 3389">
    <p class='ocr_par' dir='ltr' id='par_1_13' title="bbox 1508 3172 1511 3389">
     <span class='ocr_line' id='line_1_36' title="bbox 1508 3172 1511 3389; baseline 0 0"><span class='ocrx_word' id='word_1_284' title='bbox 1508 3172 1511 3389; x_wconf 84' lang='grc' dir='ltr'>ι</span> 
     </span>
    </p>
   </div>
   <div class='ocr_carea' id='block_1_14' title="bbox 0 0 1526 5376">
    <p class='ocr_par' dir='ltr' id='par_1_14' title="bbox 0 0 1526 5376">
     <span class='ocr_line' id='line_1_37' title="bbox 0 0 1526 5376; baseline 0 0"><span class='ocrx_word' id='word_1_285' title='bbox 0 0 1526 5376; x_wconf 95' lang='lat' dir='ltr'><strong> </strong></span> 
     </span>
    </p>
   </div>
  </div>
 </body>
</html>
