3044 5376
531 462 783 526 ..33-

105 658 133 699 o.
158 658 189 716 p.
213 638 301 716 264.)
332 637 365 698 in
388 636 528 701 medium
557 639 680 719 profert
710 639 829 704 Matth.
852 645 888 720 5,
910 645 962 706 45.
993 638 1044 704 hir
1075 644 1201 709 verbis:

106 753 187 832 „die
224 752 340 817 Worte
366 754 462 819 lecu:
493 753 639 834 „lie’elct
661 754 756 820 Eure
776 754 926 836 Feindc,
950 758 1018 837 uus
1034 756 1109 823 daec
1138 761 1201 824 Ilr
1235 789 1239 798 ·

20 950 22 961 Ι
104 868 241 935 Kindcr
263 868 381 937 liciter
410 877 446 934 io
475 878 597 935 reluces
627 872 754 937 liciole
782 876 948 955 werdet“‚
979 877 1109 942 werden
1137 878 1202 944 den

20 986 22 1019 ³
110 986 330 1053 Unlcrcclc'ed
350 989 407 1052 der
430 987 691 1074 Bertinmungc·
714 992 782 1055 uel
806 990 1072 1077 Beroeggrundec
1092 997 1201 1075 reffert

102 1105 249 1169 deutlich
263 1106 433 1170 mucleo“.
463 1106 529 1170 Sed
541 1104 657 1170 borum
673 1105 755 1170 nibil
771 1131 874 1190 paene
889 1112 972 1191 apud
985 1109 1198 1178 Matthaeum.

20 1198 22 1239 ἰ
102 1222 155 1287 lbi
181 1246 213 1287 v.
236 1231 290 1288 44.
327 1222 465 1308 ἀγαπᾶτε
494 1223 569 1299 τοὺς
598 1207 736 1309 ἔχ’θροὺς
761 1223 848 1306 ὑμῶν
871 1235 929 1290 etc.
973 1249 1003 1290 v.
1026 1233 1078 1294 45.
1115 1228 1202 1305 ὅπως
1258 1216 1263 1225 ’

29 1424 37 1431 ·
101 1340 238 1424 γένησθε
260 1341 321 1405 υἱοὶ
335 1346 393 1405 τοῦ
414 1337 531 1423 πατρὸς
552 1337 640 1422 ripaeis
663 1341 696 1404 ἓν
717 1351 783 1416 τοῖς
798 1341 953 1425 οὐρανοῖς,
975 1342 1024 1408 ὅτι
1039 1345 1093 1409 riv
1114 1345 1200 1429 ἥλιον

100 1458 202 1522 αὐτοῦ
231 1456 384 1522 ἀνατέλλει
412 1458 461 1520 ἐπὶ
493 1458 645 1543 πονηρούς
671 1461 721 1523 καὶ
749 1460 901 1544 ἀγαθούς.
960 1459 1033 1524 Non
1062 1467 1200 1543 praemii

99 1596 213 1654 spem,
241 1583 278 1639 ut
299 1574 370 1639 vult
390 1578 440 1638 vir
461 1596 586 1641 summe
608 1577 827 1657 venerandus,
857 1579 911 1642 sed
935 1579 988 1642 dei
1011 1579 1198 1660 exemplum

102 1693 257 1757 ostendit.
302 1691 426 1757 Verum
455 1716 514 1758 nec
534 1692 652 1773 reliqui
680 1693 744 1756 loci
771 1716 869 1777 supra
899 1695 991 1760 allati
1015 1695 1115 1759 ullam
1135 1696 1197 1789 lra-

71 1871 75 1876 ,
101 1809 183 1874 beot
204 1812 279 1873 vim.
324 1809 373 1872 Eu
396 1813 481 1874 enim
505 1821 554 1875 est
570 1811 738 1876 bominum
760 1809 969 1875 imbecillitas
985 1815 1076 1892 isque
1094 1820 1199 1891 status
1283 1822 1290 1829 “

40 1924 42 1927 ’
98 1925 288 2007 morbosus,
308 1935 345 1991 ut
367 1926 463 2013 longe
486 1931 673 2009 paucissimi
694 1931 821 1990 sincera
842 1949 881 1990 ac
901 1949 1055 2021 germana
1076 1931 1200 1992 virtute

20 2102 21 2107 ,
98 2046 232 2125 penitus
252 2053 443 2109 moveantur
464 2055 498 2110 et
519 2044 650 2126 plurimi
673 2048 849 2125 praemium
874 2066 999 2126 quoque
1021 2053 1058 2109 ut
1084 2067 1102 2108 e
1124 2045 1196 2108 lon-

20 2212 21 2221 ,
96 2161 219 2243 ginquo
235 2157 400 2241 seltemet
419 2173 579 2245 tamquam
603 2185 661 2243 per
681 2172 888 2227 transennam
908 2161 1095 2244 ostendatur
1116 2183 1198 2242 opus

96 2273 249 2341 habeant.
295 2276 391 2354 Quod
407 2280 556 2348 Christus
579 2283 769 2362 praesertim
784 2283 844 2342 vix
857 2300 1026 2363 eggressus
1041 2281 1195 2344 mundum

96 2396 133 2455 vi
161 2415 220 2458 suu
249 2396 377 2474 divina,
406 2421 503 2483 quum
533 2399 633 2480 probe
666 2404 809 2475 teneret,
842 2418 882 2458 ne
910 2404 1038 2477 poterat
1066 2399 1197 2477 quidem

20 2592 22 2601 ζ
95 2514 375 2595 praetermittere,
415 2520 478 2580 nisi
514 2518 599 2580 forte
637 2512 857 2596 petulantibus
892 2511 960 2575 illis
999 2514 1198 2578 derisoribus

95 2632 371 2708 opportunitatem
394 2635 464 2695 sine
487 2633 584 2697 dnbio
608 2640 732 2718 gratam
749 2639 820 2696 erat
834 2629 993 2694 allaturus
1012 2633 1195 2714 judicandi,

20 2794 22 2803 ,
97 2750 190 2825 quasi
221 2747 368 2810 doctrina
397 2746 520 2814 Christi
551 2751 591 2813 ad
616 2754 721 2814 *vitam
749 2752 813 2812 rite
840 2749 1082 2827 temperandam
1113 2750 1197 2813 nihil

97 2871 189 2926 esset
216 2863 469 2927 accommodata.
523 2867 653 2929 Ateuim
674 2867 770 2929 ‘haec
806 2866 981 2927 ostentatio
1011 2869 1077 2943 rei,
1116 2887 1198 2945 qnae

20 3046 22 3055 ¹
98 2976 232 3041 illibata
258 2980 386 3041 virtutis
417 2981 602 3063 integritate
630 2985 750 3046 arcessi
779 3002 844 3042 non
872 2987 1017 3059 poterat;
1048 3002 1107 3043 nec
1136 3004 1197 3045 un·

96 3115 196 3172 quam
222 3097 410 3175 primarium
440 3100 475 3159 in
509 3095 678 3162 voluntate
707 3099 884 3162 excitanda
913 3106 1048 3178 occupat
1079 3097 1197 3177 locum,

96 3231 158 3274 nec
182 3210 354 3292 quidquem
378 3211 466 3276 aliud
496 3224 546 3279 est
573 3237 667 3296 qnam
696 3216 951 3283 accommodatio
975 3219 1010 3279 in
1039 3215 1199 3299 religione

94 3326 266 3409 populari,
306 3329 364 3392 illo
404 3337 593 3411 praesertim
631 3344 797 3414 tempore,
835 3353 966 3412 prorsus
1004 3334 1197 3393 necessaria.

97 3445 190 3528 Aliis
209 3453 324 3529 eutem,
348 3452 382 3510 io
404 3448 485 3511 locis
515 3470 580 3512 non
603 3457 726 3512 tantum
749 3449 783 3512 id
805 3445 969 3528 postulat,
1000 3453 1037 3509 ut
1058 3448 1197 3526 primum

96 3585 292 3646 quaeramus
315 3563 374 3648 τὴν
397 3566 594 3647 δικαιοσύνην
618 3563 750 3648 (matth.
775 3570 815 3643 6,
838 3568 924 3647 33.),
957 3584 1068 3627 verum
1098 3565 1198 3628 etiarn

97 3680 279 3762 palmarem
297 3682 390 3747 nobis
409 3682 515 3769 legem
530 3685 681 3764 proponit
693 3704 836 3746 amorem
854 3683 923 3762 dei,
947 3702 1070 3762 exque
1088 3684 1198 3744 omnia

72 3806 136 3862 ¹ut
167 3820 213 3861 ex
240 3797 469 3878 limpidissimo
500 3811 533 3867 et
560 3800 677 3865 ultimo
707 3802 798 3866 fonte
829 3800 1019 3864 hauriantur
1049 3803 1198 3877 oporteat
1323 3827 1331 3831 ·

21 3892 22 3899 ἵ
98 3913 234 3999 (Mauo.
245 3918 384 3998 22,37.).
404 3955 444 3966 -
462 3917 568 4000 Atque
584 3922 636 3999 iis,
654 3921 707 4000 qni
725 3917 777 3982 vel
794 3916 972 3999 paullulum
985 3915 1196 3980 indoetrinae

100 4236 159 4288 ilre
178 4236 361 4313 Focdecunpco
384 4235 492 4287 koooteo
514 4238 570 4288 siclt
594 4255 645 4289 ma·
672 4254 721 4288 aas
747 4238 803 4286 dem
820 4236 948 4300 Brittoseo
972 4234 1017 4301 oles
1037 4233 1194 4285 scbwc'trmc-

20 4306 24 4321 ¹
98 4322 215 4375 risclrteo
231 4324 331 4389 llopfes
348 4336 482 4386 cczcupcm
497 4352 530 4362 —
560 4322 657 4373 Utinam
675 4323 753 4372 multu
771 4322 911 4371 istiusmodi
932 4319 1042 4371 scriboni
1063 4319 1192 4381 Hegeliani

96 4408 233 4470 J'uuiores:
255 4423 312 4458 mox
330 4422 375 4456 sno
398 4408 506 4472 ipsorum
529 4408 613 4467 gladio
633 4424 661 4457 se
677 4407 860 4470 jugulaverint.

968 4511 987 4568 3
