3044 5376
724 430 973 543 ..56-

303 657 443 736 irrorate)
466 654 595 716 additur
618 674 675 732 eo,
706 653 789 733 quod
819 660 956 732 nmque
979 654 1069 713 notio
1092 670 1169 714 vere
1191 658 1327 714 exstare
1348 651 1412 714 di·
1517 664 1518 685 ²

304 775 398 851 citur,
423 780 456 836 et
471 769 705 834 Daomscrrros
723 770 758 854 (l.
776 770 796 834 l.
813 793 845 851 p.
862 770 928 852 95.)
952 776 1077 847 monet,
1101 775 1178 830 nota
1198 771 1413 832 existentiae
1517 828 1518 831 ,

304 889 476 972 adjuncta,
505 892 727 969 argumentum
759 887 886 967 quidem
909 890 957 950 rei
978 888 1140 970 cogitatae
1163 886 1317 971 adaugeri
1340 908 1411 950 nee
1516 910 1518 945 ς

303 1014 411 1068 temen
435 1025 480 1066 ex
503 1024 541 1065 ea
563 1024 629 1069 rem
647 1023 723 1067 vere
738 1012 923 1068 exstantem
940 1004 997 1068 sed
1015 1025 1090 1067 vere
1105 1010 1290 1068 exstantem
1306 1009 1410 1088 coge·-
1518 1060 1519 1081 p

304 1132 408 1186 tutum
432 1121 569 1201 prodire.
582 1124 603 1156 “
648 1119 857 1187 Ateuimvero
886 1124 991 1185 neutri
1023 1143 1093 1184 curn
1118 1142 1194 1187 vero
1216 1120 1298 1184 mihi
1320 1142 1406 1184 eon·

303 1242 415 1304 venire
446 1238 582 1305 ridetur.
626 1237 669 1301 Et
696 1235 859 1302 Krsrrurr
889 1238 1015 1319 quidem
1047 1238 1406 1304 commonefaciendum

306 1359 480 1435 existimo,
503 1354 586 1437 quod
608 1376 672 1418 non
688 1356 794 1438 agitur
811 1356 851 1420 de
866 1363 993 1420 eentum
1012 1354 1233 1437 imperialibus
1248 1358 1406 1440 cogitatis

305 1482 337 1537 et
361 1496 423 1537 nou
447 1475 617 1557 cogitatis,
640 1473 694 1536 sed
719 1474 906 1538 decentum
933 1473 1154 1555 imperialibus
1175 1480 1233 1536 aut
1254 1479 1403 1535 tantum·

304 1592 400 1654 modo
421 1592 571 1673 cogitatis
592 1597 648 1652 aut
671 1593 770 1653 simul
782 1593 880 1654 etiam
899 1595 1058 1676 cogitatis.
1105 1588 1284 1654 Commune
1298 1592 1404 1672 igitur
1519 1572 1520 1605 ³

303 1717 371 1786 est,
394 1707 476 1786 quod
501 1709 628 1785 utrique
651 1708 850 1793 cogitantem
881 1707 937 1771 sed
960 1709 1031 1789 plus
1053 1713 1219 1775 continent
1241 1710 1400 1788 posterio·
1519 1696 1520 1707 ¹

302 1844 354 1886 res
378 1845 436 1903 eo,
458 1822 542 1904 quod
567 1844 630 1886 non
653 1822 748 1886 modo
772 1827 974 1908 cogitantur,
997 1848 1108 1890 verum
1131 1833 1233 1893 ettae·
1252 1832 1398 1889 exstant.

302 1939 388 2025 Ergo
419 1944 508 2004 notio
539 1940 752 2022 imperialium
781 1963 894 2006 revera
924 1953 974 2007 ost
1003 1946 1163 2029 ampliate
1186 1950 1221 2006 et
1243 1942 1290 2025 (id
1312 1943 1400 2022 quod

302 2057 443 2121 demiror
478 2056 638 2122 Kssrrum
670 2059 889 2142 praeteriisse)
923 2064 1018 2123 verae
1047 2081 1153 2124 rerum
1182 2061 1303 2123 rationi
1332 2080 1398 2121 non

302 2179 508 2255 conveniret,
539 2181 565 2238 si
590 2177 716 2238 deesset
740 2179 827 2238 notio
851 2179 1099 2260 existentiaet).
1147 2175 1241 2253 Quor
1267 2174 1400 2240 Duoar·

302 2313 401 2357 scaro
424 2302 553 2371 autem,
582 2295 781 2357 existentiae
811 2272 994 2373 praedicato
1018 2296 1147 2374 addito,
1178 2314 1241 2356 non
1266 2303 1333 2356 tam
1353 2291 1399 2355 ad

299 2420 368 2473 'rem
399 2428 474 2473 vere
501 2417 686 2473 exstantem
718 2431 812 2490 quam
843 2420 879 2475 ut
910 2434 984 2475 vere
1007 2421 1191 2477 exstantem
1215 2417 1399 2496 cogitatam

300 2526 454 2590 devenire
479 2526 642 2600 sideman
677 2526 737 2589 lroo
760 2529 831 2590 siue
853 2527 920 2592 ulla
944 2533 1173 2594 retractatione
1196 2527 1398 2612 largiendum

254 2616 255 2625 ἵ
302 2649 370 2735 est:
398 2664 507 2705 verum
532 2643 788 2723 quandoquidem
806 2622 858 2708 res
875 2649 1006 2710 omnino
1023 2647 1063 2708 ad
1080 2668 1139 2709 nos
1154 2667 1217 2709 non
1234 2647 1399 2726 pertinent

299 2760 363 2820 nisi
385 2740 557 2841 cogitatae
579 2762 633 2840 (ea
656 2771 782 2839 mente,
806 2784 898 2842 quam
924 2762 1091 2827 Cartesius
1114 2763 1188 2828 lruio
1203 2763 1302 2827 verbo
1316 2762 1392 2827 sub·

297 2877 395 2958 jeoit)
420 2880 440 2939 i.
464 2900 492 2940 e.
516 2875 771 2956 quandoquidem
796 2900 949 2945 conemur·
971 2881 1099 2961 quidem
1124 2882 1310 2960 notionem,
1342 2884 1391 2945 rei

297 3013 461 3072 opponere
477 2992 533 3056 sed
550 3014 677 3072 semper
692 2996 1055 3080 eregionecollooamus
1070 3002 1234 3062 notionem
1250 3001 1392 3062 notioni:

297 3115 352 3170 aut
383 3108 505 3172 nullum
538 3109 682 3188 proferre
711 3133 880 3189 possumus
908 3116 1126 3195 praedicatum
1149 3116 1238 3181 reale
1262 3119 1393 3200 (quippe

296 3243 393 3301 quum
417 3224 498 3287 nihil
521 3247 577 3304 per
602 3247 660 3287 nos
682 3214 891 3309 conficiatur,
913 3233 971 3294 sed
994 3243 1118 3298 tantam
1140 3237 1310 3319 cogitetur)
1333 3243 1392 3297 aut

296 3339 356 3401 hoc
377 3348 463 3403 uerte
487 3345 617 3406 nomine
641 3363 704 3407 non
735 3343 814 3409 lioet
836 3350 1033 3416 existentiae
1059 3351 1232 3432 praedicati
1252 3354 1309 3437 jus
1330 3352 1391 3415 de·

297 3476 412 3541 rogare
433 3457 541 3523 realis.
588 3459 640 3524 An
665 3460 725 3525 lroo
746 3464 809 3528 sibi
835 3464 938 3529 voluit
958 3467 1203 3552 Dnoersorrrus,
1226 3491 1294 3535 rem
1312 3490 1392 3532 vere

295 3581 480 3637 exstantem
499 3583 659 3662 cogitare,
684 3583 812 3645 tandem
833 3583 914 3647 nihil
933 3585 1020 3649 aliud
1038 3607 1109 3650 esse
1125 3590 1188 3651 nisi
1202 3609 1270 3651 rem
1287 3608 1390 3668 quau·

297 3725 392 3733 ,Νὴ-ν..
405 3728 444 3732 „⁴⁴
479 3730 504 3735 -q

362 3800 386 3873 *)
405 3804 531 3860 Rationem
556 3814 618 3861 daeo
646 3816 731 3865 horum
749 3817 841 3868 Kmrts'r'
862 3819 993 3871 verborum
1014 3818 1048 3886 (Ι.
1066 3823 1117 3889 c.):
1147 3823 1290 3885 „Haedrrt
1306 3807 1391 3875 wirlrss

293 3892 359 3943 liele
387 3892 482 3947 Tluler
507 3894 636 3947 ertlolteo
662 3897 732 3948 nicht
757 3901 806 3950 dus
829 3901 959 3959 Mirrdeste
982 3905 1072 3968 melre,
1107 3909 1150 3959 ule
1178 3913 1228 3962 100
1254 3907 1390 3973 mtiplr'clre.

291 3979 367 4029 Deru
384 3982 420 4030 do
438 3983 509 4032 dtese
528 3980 577 4031 deo
593 3981 711 4048 Repetit}
731 3985 794 4051 jesse
818 3985 882 4040 ader
903 3989 952 4041 den
968 3990 1131 4055 Geperrstmrd
1155 3992 1208 4044 med
1225 3992 1316 4044 elersen
1334 3993 1390 4043 Po-

290 4066 371 4117 sttion
394 4083 429 4117 em
458 4066 515 4118 stols
540 4066 677 4130 bodemen,
706 4085 736 4120 so
766 4075 857 4124 wtirde
880 4076 922 4126 tm
944 4068 1024 4125 rari
1048 4077 1166 4130 dieses·
1190 4077 1283 4129 melrr
1311 4083 1389 4127 erst-

291 4146 414 4214 tratre,
432 4152 475 4203 uls
488 4152 576 4219 jeser,
596 4156 663 4205 neoto
679 4155 783 4222 Bepriff
790 4158 859 4208 siolo
872 4160 920 4210 dea
931 4175 1033 4226 ponzas
1047 4161 1210 4229 Gepeustond
1227 4162 1390 4216 memores

290 4233 343 4280 uod
364 4235 422 4286 ‹rtso
445 4237 511 4287 ooclr
530 4236 600 4290 uicit
626 4241 674 4292 der
696 4257 875 4306 ‹mpemeseeoe
890 4243 999 4312 Beprtff
1016 4262 1066 4299 ooo
1084 4247 1136 4300 ihm
1159 4250 1251 4300 eetu“.
1288 4248 1387 4314 Optime

292 4330 360 4365 vero.
397 4318 524 4373 Videlicet
541 4325 609 4374 notio
630 4327 794 4391 imperialium
815 4335 915 4381 trustem
934 4334 1098 4396 cogitatorum
1118 4350 1166 4386 non
1180 4335 1316 4403 respondet
1338 4335 1386 4386 im-

288 4398 426 4467 perialibus
444 4417 496 4451 noo
513 4411 605 4458 tuntum
624 4411 750 4473 cogitatis.
