3044 5376
516 438 780 505 ...(55.-

100 613 196 676 eadit
217 611 416 694 substantia,
440 613 537 678 habet
558 615 697 679 colorem
721 616 900 696 quendam,
926 621 979 697 qni
1001 621 1063 681 etsi
1086 622 1200 687 nititur

102 735 140 794 in
162 727 323 793 relatione
345 727 475 794 luminis
498 732 540 794 ad
561 755 613 797 res
636 745 805 814 perceptas
827 736 924 813 atque
946 733 1068 813 oeulos,
1090 732 1199 819 tanuen

99 869 201 929 quum
225 867 344 926 „omne
366 850 470 934 uisum
493 847 642 929 loquatur
658 854 829 914 veritatem
852 851 1035 929 quandam“
1057 853 1094 931 (‚‚
1098 853 1198 935 jeder

58 984 61 987 ·
99 963 229 1029 Seleia
250 964 363 1027 deutet
386 965 454 1043 aas
470 962 599 1047 Sein“),
623 969 809 1031 referendus
826 975 876 1030 est
893 965 933 1029 ad
952 966 1073 1031 realem
1097 991 1197 1049 quan-

17 1098 19 1121 ’
99 1083 177 1146 dem
200 1084 270 1161 rei,
292 1084 344 1144 uui
367 1081 457 1145 color
479 1082 618 1145 suffusus
637 1086 813 1162 reperitur,
843 1084 1064 1148 condicionem
1087 1093 1121 1148 et
1141 1108 1213 1149 ea·.

17 1252 19 1293 ξ
96 1211 206 1264 tenus·
229 1198 480 1278 nuncupandum.
507 1207 557 1263 est
592 1199 781 1263 attributum
809 1203 911 1264 reule.
963 1200 1047 1277 Quid
1078 1203 1216 1286 igiturl'

17 1296 19 1347 l
101 1317 196 1395 Deus
218 1339 313 1397 quum
339 1317 381 1379 sit
403 1315 583 1380 substantia
604 1306 763 1398 (simplex
785 1315 845 1379 illa
866 1317 1093 1398 quidemz'sed
1112 1320 1196 1398 quud

98 1440 137 1500 in
162 1445 233 1500 teto
256 1443 407 1517 apparet,
431 1435 529 1496 eliam
552 1439 586 1497 in
609 1439 722 1517 quavis
743 1434 903 1514 particula
924 1434 1032 1516 aliqua
1055 1457 1194 1516 quacun·

17 1554 20 1565 ’
94 1578 164 1636 qne
185 1557 310 1618 ratione
332 1554 441 1646 inesse
462 1551 586 1634 debet):
617 1552 789 1617 habebitne
809 1550 952 1615 colorem
975 1554 1060 1632 (sive
1082 1554 1195 1616 uendi·

96 1678 227 1736 cionem
251 1670 340 1737 illam
363 1669 502 1750 realem,
524 1692 544 1733 a
564 1691 624 1751 qua
640 1669 857 1751 profiuiscituu
879 1669 982 1751 color)
1005 1691 1112 1732 annun
1136 1669 1193 1732 ha·

95 1788 208 1853 bebitl
252 1787 430 1871 Utrumque
450 1791 535 1851 enim
552 1809 634 1866 quae
649 1785 855 1849 substantiae
867 1795 918 1849 est
933 1790 1034 1865 notio,
1058 1790 1195 1869 eogitari

17 1954 18 1957 η
95 1914 208 1987 petest
227 1928 287 1969 nee
312 1905 483 1985 quidquam
500 1901 540 1964 ad
555 1901 637 1965 bane
650 1923 718 1965 rem
736 1902 984 1984 dijudicandam
1000 1924 1045 1965 ex
1058 1904 1193 1981 perfecti

92 2026 244 2102 notione,
268 2041 458 2103 quamquam
473 2011 646 2084 seeundum
666 1992 801 2098 perfecti
820 2022 983 2101 notionem
1003 2019 1192 2083 attributum

93 2141 184 2204 istud
206 2148 316 2224 puteat
338 2137 470 2202 subesse
495 2139 530 2219 (i.
553 2159 580 2199 e.
605 2134 686 2198 nibil
701 2134 800 2199 habet
815 2137 1059 2221 repugnantiae)
1086 2145 1193 2217 potest

44 2318 47 2324 .
92 2260 183 2322 duei.
222 2257 396 2328 Ptaeterea
417 2255 468 2328 fae
491 2268 561 2318 ease
573 2239 714 2316 celerem
731 2255 889 2333 quendem
906 2257 975 2318 sive
994 2274 1064 2316 eam
1080 2255 1190 2317 cundi-

91 2379 245 2454 eiunem,
268 2397 288 2437 a
311 2397 373 2455 qua
395 2373 517 2437 aboriri
538 2379 633 2451 queat
654 2370 757 2441 color:
780 2373 888 2455 qualia
901 2372 991 2435 color
1007 2380 1115 2434 mente
1130 2375 1192 2434 erit
1257 2352 1260 2358 ’

94 2490 322 2572 percipiendus
339 2493 373 2554 in
389 2497 503 2553 natura
519 2487 697 2567 perfeetai·
718 2485 827 2550 Ruber
840 2508 881 2549 an
897 2486 1001 2550 flavus
1017 2510 1057 2551 an
1077 2477 1191 2552 viridis

92 2629 140 2669 an
164 2607 269 2671 alius?
310 2605 403 2672 Nihil
434 2606 604 2685 hebenina,
635 2627 698 2687 qne
727 2627 794 2671 rem
818 2604 945 2669 dubiam
970 2607 1189 2685 discutiamus,

17 2794 19 2799 ,
93 2723 179 2790 baec
200 2729 285 2790 enirn
309 2730 417 2790 omnia
439 2727 595 2791 attributa
618 2747 681 2788 nun
705 2726 934 2808 repugnantia,
964 2733 1098 2803 pessunt
1119 2728 1189 2804 qui·

95 2842 173 2905 dem
195 2845 301 2903 inesse
324 2847 359 2902 in
382 2852 517 2903 naturae
539 2841 706 2902 absolutae
730 2846 861 2903 notione
884 2862 943 2902 nee
964 2862 1041 2902 vero
1061 2841 1190 2917 debent,

17 3006 19 3017 ,
94 2965 133 3016 et
161 2977 351 3034 quamquam
381 2976 452 3019 sese
481 2958 620 3017 invicem
651 2954 830 3018 excludunt
860 2957 1063 3033 (suut-enim
1095 2957 1189 3035 „dis-

17 3022 19 3133 l
89 3072 278 3152 junctue“)‚
300 3081 409 3136 tamen
431 3076 465 3135 in
480 3071 630 3156 ambigue
646 3080 696 3157 est
710 3071 967 3152 relinquendum,
994 3075 1047 3153 qui
1063 3073 1189 3136 celeres

17 3266 18 3271 η
92 3191 163 3252 sint
186 3191 384 3262 removendi.
429 3189 486 3255 Uti
502 3190 627 3254 colores
645 3198 720 3252 suut
739 3193 829 3269 varii,
853 3194 907 3272 qui
926 3201 1059 3270 possunt
1075 3192 1189 3281 adesse

17 3288 19 3337 i
94 3308 230 3378 notione
251 3308 386 3387 perfecti
410 3311 551 3392 integra3
582 3311 629 3371 ita
651 3312 830 3372 existentia
852 3312 999 3388 quamvis
1021 3309 1186 3385 praediea·

92 3437 165 3487 tum
190 3422 298 3507 reale,
322 3428 411 3489 varia
433 3433 539 3504 potest
561 3426 715 3506 cogitari,
749 3428 879 3488 notione
901 3424 960 3486 illa
983 3445 1047 3485 nen
1070 3423 1186 3484 deleta.

93 3541 156 3605 Est
177 3543 263 3606 enim
286 3543 463 3604 existentia
488 3538 586 3604 realis
609 3539 735 3620 duplex
756 3548 812 3603 aut
834 3543 866 3601 in
889 3543 998 3602 ausimo
1016 3547 1076 3614 aut
1091 3547 1187 3600 extra

92 3869 177 3911 tamen
195 3862 241 3909 hoe
263 3861 320 3910 luen
339 3862 413 3911 dolen
430 3860 535 3909 nondum
554 3874 611 3908 esse
630 3858 733 3908 luctum.
770 3859 848 3926 Quum
866 3861 931 3909 enlm
945 3862 1051 3909 nondun
1070 3860 1184 3907 illustra-

17 3974 19 3985 «
90 3946 187 4007 verim,
209 3960 282 4010 quam
300 3946 341 3994 dei
360 3953 473 3995 naturam
492 3952 599 3995 statuum
619 3945 829 4009 metaphysiuam:
855 3947 911 3994 binc
938 3945 1010 3995 multi
1028 3943 1138 3991 fortasse
1160 3942 1185 3990 in

20 4040 24 4049 '
92 4032 209 4096 exemplu
228 4043 304 4094 supra
323 4030 417 4090 allato,
443 4031 551 4095 ineptum
567 4028 654 4078 nescia
674 4042 746 4091 quem
765 4030 1063 4094 anthropuinuupbismmn
1083 4028 1184 4075 edeuari

91 4116 143 4166 sibi
162 4114 321 4165 videbuntur.
357 4114 406 4166 Sed
428 4116 500 4165 mede
522 4115 603 4180 qualis
622 4114 663 4163 dei
689 4111 829 4162 substantia
852 4108 903 4173 sit,
933 4120 1002 4161 recte
1022 4111 1183 4175 perceperis:

67 4201 117 4250 'in
138 4201 251 4265 exemplo
276 4199 338 4261 illo,
366 4199 630 4266 anthropomorphismi
648 4213 694 4246 nee
714 4197 773 4247 vela
790 4213 836 4267 nee
854 4198 987 4259 vestigium
1008 4196 1092 4244 inesse
1112 4201 1184 4260 pote-

91 4287 140 4335 rit:
168 4286 225 4349 quin
253 4286 327 4335 etiam
354 4287 421 4351 quod
447 4293 595 4336 momentum
612 4272 638 4333 ln
657 4299 687 4333 eo
708 4284 782 4342 insit,
806 4283 942 4335 dilucidius
961 4289 1011 4331 tun
1030 4281 1126 4329 demum
1145 4281 1182 4328 iu-

91 4371 232 4435 telligetuu.
253 4396 285 4409 -

954 4474 972 4531 5
