3044 5376
527 472 776 563 -61'1-

9 704 11 727 ;
90 675 171 754 jam
197 673 243 734 sic
264 644 429 754 intelligo,
455 669 505 735 'l'e
528 672 750 749 illuminante,
780 679 816 771 ut
845 677 877 734 rt
901 669 946 733 Tc
973 690 1044 733 erre
1070 669 1196 736 nolin

94 788 300 863 credere,
324 810 385 850 non
402 793 521 868 possim
539 812 601 852 non
621 789 839 872 intelligere“.
876 787 996 851 Videat
1013 792 1079 868 ipse
1096 788 1195 854 Bruu-

95 926 254 968 aorfflus
276 908 345 967 sive
368 908 408 983 is,
431 909 485 986 qui
504 911 576 990 ejas
601 916 706 985 partes
729 914 932 985 suscepturus
955 914 1015 986 ost,
1037 909 1194 988 quomodo

95 1044 175 1086 cum
200 1021 252 1084 luis
271 1022 418 1086 Anselmi
441 1024 550 1088 verbis
571 1023 736 1089 conciliari
760 1025 885 1103 possint
899 1021 978 1085 haec
994 1022 1194 1107 (Bmuaora.

94 1139 118 1203 l.
146 1164 172 1203 c.
198 1163 228 1219 p.
252 1143 333 1222 20.):
357 1139 559 1219 „Auselmua
576 1165 633 1221 eo,
657 1143 739 1222 quod
758 1138 855 1203 fidem
871 1139 1012 1220 postulat
1024 1152 1194 1225 antequam

94 1257 244 1341 intelligi
267 1260 384 1336 possit,
408 1261 569 1338 ostendit,
592 1282 627 1323 se
652 1258 857 1323 toto'libello
879 1280 937 1352 suo
960 1261 1094 1337 primum
1115 1258 1196 1323 nihil

96 1372 371 1465 aliud-volume,
400 1396 494 1454 quam
518 1379 579 1456 iis,
614 1384 672 1461 qui
692 1378 784 1442 deam
807 1376 978 1441 secundum
1001 1378 1194 1459 religionem
1305 1370 1308 1377 ¹

96 1492 318 1555 christianam
333 1492 505 1556 crederent
520 1515 600 1570 erre,
624 1532 659 1543 -
679 1498 762 1558 viam
777 1495 915 1571 munire,
938 1531 975 1540 -
999 1515 1060 1573 qua
1075 1497 1195 1557 conscii

96 1610 167 1673 sihi
192 1607 310 1672 fierent
326 1610 366 1672 de
384 1610 436 1672 dei
451 1613 593 1674 notionis
607 1617 755 1676 natura“.
799 1610 890 1673 Haec
906 1608 1105 1672 alienissima
1121 1616 1196 1673 sunt
1290 1600 1294 1605 ⁵

97 1724 349 1805 ab‘Anselmo,
383 1730 436 1807 qui
465 1728 547 1790 adeo
577 1731 810 1808 „insipiente“
840 1730 862 1789 i.
895 1750 922 1789 e.
955 1726 1113 1791 atheistae
1142 1727 1195 1789 dei
1239 1711 1247 1720 ’

98 1846 314 1928 existentiam
330 1864 538 1922 persuasurus
555 1844 627 1906 fuit.
673 1842 824 1907 Ceterum
841 1840 1029 1906 Braurona.
1046 1847 1114 1922 ipse
1134 1843 1195 1904 hoe

30 2034 33 2039 ,
98 1964 208 2024 sensit
230 1983 259 2040 p.
282 1967 333 2023 st.
367 1961 507 2040 „Justns
530 1963 720 2023 aestimator
742 1983 857 2044 negare
880 1983 943 2022 non
967 1968 1091 2039 potest,
1123 1982 1194 2022 eum

99 2102 170 2142 non
199 2101 256 2158 per
284 2088 386 2142 totum
409 2078 592 2157 opusculum
618 2079 679 2142 sibi
702 2081 919 2150 constitisse?
936 2077 992 2139 sed
1017 2079 1089 2159 ejus
1112 2077 1195 2156 quod

99 2200 140 2259 in
164 2198 443 2280 argumentatione
465 2199 551 2258 inest
571 2200 640 2259 veri
662 2200 769 2277 specie
785 2198 988 2275 perstrictum
1006 2202 1039 2256 et
1056 2201 1196 2273 captum,

99 2314 178 2393 plus
207 2316 408 2378 auctoritatis
437 2316 657 2396 majoremque
675 2314 754 2380 ,rim
777 2322 944 2395 cogentem
966 2309 1080 2374 libello
1102 2312 1196 2373 attri·
1266 2335 1271 2340 ·

100 2432 235 2511 baisse,
258 2453 351 2511 quam
371 2433 399 2493 si
414 2430 491 2508 illa,
515 2452 596 2509 quae
609 2431 699 2509 ponit
715 2442 747 2492 et
763 2410 914 2508 postulat,
937 2450 1003 2492 non
1019 2448 1196 2512 agnoscun-

101 2556 177 2627 tur,
201 2570 277 2610 vere
302 2546 408 2610 habet.
453 2545 525 2609 Huc
547 2550 702 2627 pertinet,
726 2547 808 2627 quod
828 2568 892 2608 non
908 2545 1011 2609 solum
1028 2541 1197 2629 argaman·

101 2674 194 2745 tum,
222 2665 308 2746 ‘quod
331 2663 421 2730 nullo
443 2664 508 2728 alio
532 2687 624 2745 quam
648 2688 683 2729 se
705 2664 776 2728 solo
804 2665 982 2749 indigeret,
1010 2663 1139 2727 tandem
1163 2662 1198 2724 se

102 2783 272 2847 invenisse
293 2782 412 2866 gaudet
434 2785 484 2864 (in
500 2782 661 2867 Proslogii
677 2782 901 2863 praefatione),
923 2782 980 2844 sed
999 2783 1096 2843 etiam
1114 2779 1199 2859 quod

104 2919 169 2976 ea,
202 2917 283 2976 quae
305 2899 461 2974 insipieus
483 2899 553 2958 sive
575 2896 689 2959 atheus
713 2897 856 2978 objicere
886 2903 1014 2975 posset,
1045 2896 1141 2978 longe
1164 2917 1199 2958 se

9 2998 11 3061 ἶ
105 3016 252 3075 arcuisse
268 2987 394 3092 nutatf‘
439 3011 528 3075 Vere
545 3012 627 3075 haec
645 3013 808 3092 disputata
822 3020 897 3074 suot
912 3014 1090 3075 maximam
1103 3011 1199 3096 longe

9 3204 10 3215 χ
105 3137 245 3208 partem.
297 3129 362 3194 Sed
390 3128 472 3192 nihil
506 3176 527 3210 „
537 3129 681 3211 postulat
690 3136 711 3167 “
727 3123 916 3195 Ansolmus
949 3127 1013 3194 nisi
1045 3130 1097 3193 dei
1126 3128 1201 3212 (aut

9 3220 11 3299 l
105 3248 211 3329 agniti
239 3255 297 3309 aut
325 3267 389 3310 nou
416 3248 532 3333 agniti)
560 3249 808 3332 cogitationem,
843 3269 936 3327 quam
968 3270 1062 3313 nemo
1090 3252 1201 3332 potest

9 3436 10 3439 Ἴ
106 3363 280 3445 denegare,
303 3384 530 3445 necunquam,
555 3366 638 3444 quod
661 3367 807 3445 equidem
827 3367 1114 3439 commeminerim,
1137 3362 1201 3426 sibi

9 3456 10 3461 ἵ
106 3500 172 3541 non
195 3480 439 3558 „constitisse“
461 3484 630 3559 reperitur.

193 3595 266 3658 Non
288 3584 402 3658 vereor
424 3596 590 3674 equidem,
613 3618 654 3659 ne
676 3598 746 3675 quis
764 3593 934 3676 opprobrio
950 3595 1031 3659 mihi
1047 3602 1199 3660 versurus

107 3716 171 3792 sit,
193 3712 277 3792 quod
300 3714 333 3774 in
357 3709 408 3774 nia
430 3715 600 3776 sententiis
621 3713 801 3777 refutandis
822 3718 889 3776 tam
912 3712 967 3776 diu
983 3721 1199 3778 commoratus

108 3851 191 3894 sum.
232 3828 302 3892 Nec
332 3850 520 3910 quemquam
548 3831 659 3894 videre
687 3831 768 3895 mihi
794 3832 883 3895 visus
914 3851 1002 3911 sum,
1036 3834 1090 3911 qui
1111 3836 1199 3893 recte

108 3944 224 4011 contra
253 3950 341 4011 viros
369 3948 452 4027 illos
474 3946 607 4012 subacto
631 3949 805 4011 instructos
833 3951 963 4031 ingenio
986 3947 1200 4026 disputaverit

9 4048 10 4087 3
109 4074 144 4130 et
173 4086 243 4129 eam
273 4064 368 4129 hodie
399 4084 524 4145 quoque
555 4083 665 4125 eorum
695 4062 914 4126 auctoritatem
938 4081 1009 4125 esse
1030 4064 1136 4140 sensi,
1165 4070 1202 4126 ut

9 4230 10 4235 η
108 4184 149 4247 ad
172 4203 271 4247 unum
292 4183 360 4245 fere
383 4202 510 4262 omnes,
533 4172 667 4260 quorum
690 4180 837 4261 equidem
854 4187 941 4243 certe
957 4180 1106 4255 notitiam
1120 4199 1199 4242 con·

9 4360 10 4363 ,
108 4303 286 4380 traxerim,
308 4301 485 4363 sententias
505 4297 659 4377 illorum,
690 4299 780 4377 quasi
803 4290 898 4362 extra
921 4294 1048 4359 omnam
1072 4295 1197 4361 dubita·
1247 4386 1252 4393 „

9 4496 10 4505 ἵ
109 4420 233 4481 tionem
254 4419 377 4498 positas
395 4422 553 4511 repetant.
598 4412 791 4481 Gauuilonis
809 4417 893 4479 euim
907 4413 1024 4479 librum
1047 4414 1129 4494 „pro
1148 4415 1198 4476 in-
