3044 5376
512 479 762 544 ..13-

88 660 219 741 quidem
251 657 385 740 (quaest.
416 653 511 719 Tusc.
544 652 574 732 Ι,
600 659 659 732 13,
682 652 749 737 30.)
782 659 899 732 „omni
932 658 964 718 in
986 675 1039 733 rc,
1068 657 1182 736 inquit,

90 778 261 839 consensio
283 777 426 837 omnium
444 775 587 856 gentium
610 769 670 833 lex
687 776 820 836 naturae
837 773 978 853 putanda
992 775 1075 836 ast“.
1115 770 1181 836 Ve-

90 913 159 956 rum
190 890 288 954 facile
319 899 426 973 potest
455 888 599 966 ostendi,
637 889 796 967 quomodo
825 887 973 953 homines
1007 892 1041 953 in
1072 887 1182 953 multis

90 1009 254 1072 erroribus
278 1010 318 1072 ad
342 1030 441 1072 unum
465 1027 577 1070 omnes
598 1008 856 1085 consentientes,
885 1009 917 1069 in
940 1006 1023 1069 hanc
1045 1008 1183 1069 fortasse

92 1130 288 1191 ornationem
303 1124 478 1188 inciderint
492 1144 594 1203 neque
609 1129 669 1201 est,
693 1122 899 1201 quamobrem
917 1132 1048 1187 auctore
1062 1123 1183 1187 Fausto

91 1245 214 1308 Socino
245 1239 398 1321 praelect.
419 1240 518 1304 theol.
550 1235 579 1302 1.
602 1247 632 1302 2.
664 1237 760 1322 (Bibl.
783 1238 837 1300 Fr.
862 1237 973 1301 Polou.
996 1239 1021 1302 l.
1044 1263 1072 1320 p,
1095 1245 1182 1321 537.)

93 1369 149 1424 aut
174 1359 362 1421 Osuuaouo
395 1355 607 1437 (Unterricdt
637 1375 700 1419 ooo
722 1355 785 1417 den
807 1354 1030 1419 coroedmctco
1053 1356 1184 1440 Haupt-

94 1479 241 1560 pookteo
264 1474 324 1538 der
346 1474 471 1538 cdm'rtl.
495 1475 654 1556 Religion
676 1471 753 1551 Cap.
771 1475 813 1554 1.)
835 1473 875 1534 ad
890 1472 1094 1535 traditionem
1112 1472 1185 1535 inde

93 1593 133 1656 ab
157 1592 282 1654 Adamo
304 1590 431 1653 ductam
454 1608 665 1669 provocemus
687 1587 1074 1671 (cf.etiamScrrunu1nc.
1105 1591 1209 1653 Vor·'

92 1714 253 1792 Ierungen
286 1706 367 1771 iiber
396 1707 451 1770 die
473 1703 631 1769 Metdcde
664 1705 721 1768 der
751 1706 846 1769 adad.
878 1702 1056 1771 Studium.
1104 1706 1186 1773 Tae.

94 1830 188 1889 1803.
211 1847 243 1904 p.
269 1829 339 1888 167.
384 1820 539 1885 Tuonuc.
577 1821 685 1885 Ueber
705 1822 765 1885 dar
793 1824 913 1887 Weaea
935 1823 1003 1886 aad
1023 1823 1086 1886 den
1096 1826 1186 1887 'siud

93 1943 243 2024 Er'oflurr
266 1941 323 2005 der
342 1935 521 2002 Heraeam.
544 1945 580 2002 in
596 1938 755 2003 Neaoder
776 1937 1032 2022 Dentaordrgk.
1055 1959 1114 2002 aar
1128 1939 1188 2002 der

96 2057 294 2124 coactante
328 2056 385 2117 dea
412 2052 611 2116 correnum.
644 2054 685 2116 v.
710 2053 735 2117 1.
757 2052 793 2116 Β.
822 2059 913 2118 raca.
944 2078 974 2135 p.
998 2060 1070 2119 aaa.
1092 2046 1185 2136 sea).

93 2175 180 2251 Quid
202 2175 286 2256 quod
308 2172 393 2236 idam
415 2168 472 2233 itte
496 2168 611 2234 Cicero
633 2172 672 2235 de
696 2172 874 2249 natdaor.
898 2169 924 2252 l,
947 2178 1000 2253 30,
1023 2178 1074 2236 83.
1098 2175 1186 2236 voci·

93 2295 235 2357 feratur:
260 2290 401 2371 „Nonne
422 2287 520 2368 pudet
544 2289 777 2370 speculatorem
792 2327 832 2336 -
845 2297 991 2370 naturae,
1013 2290 1054 2354 ab
1069 2294 1187 2354 animis

93 2409 328 2474 consuetudine
344 2407 475 2471 imbutis
489 2416 599 2486 petere
615 2407 1044 2472 testimonium-veritatisi“
1058 2417 1093 2470 et
1110 2409 1186 2471 ibid.

95 2529 120 2592 Ι,
143 2527 198 2591 ltt.
221 2536 253 2607 4,
279 2532 345 2590 tn:
371 2523 504 2604 „Placet
525 2532 632 2586 tantas
654 2545 706 2587 res
729 2528 882 2605 opinione
905 2524 1075 2593 stultorum
1095 2524 1187 2608 judi·
1247 2602 1249 2607 Ι

94 2645 215 2710 1111111
260 2638 332 2708 Huc
363 2650 488 2724 praeter
517 2662 645 2705 omnem
676 2647 902 2712 necessitatem
931 2643 1073 2721 accedit,
1100 2642 1189 2721 *quod

96 2763 341 2843 haudquaquam
357 2770 454 2825 extra
469 2779 596 2823 omnem
611 2757 845 2824 dubitationem
858 2770 912 2825 est
928 2741 1088 2842 positum,
1112 2780 1188 2825 nunt
1252 2795 1255 2802 ·

96 2901 210 2945 omnes
233 2876 422 2962 genteshac
444 2879 596 2955 opinione
612 2877 754 2939 imbutae
776 2879 853 2954 sint,
876 2877 919 2939 11.
934 2877 1071 2940 eundem
1092 2879 1190 2949 istum

96 2997 253 3058 Faustum
284 2995 440 3056 Socinurn
462 2990 528 3072 (da
552 2998 673 3054 auctor.
705 3012 766 3054 scr.
797 2997 828 3055 5.
853 3012 879 3053 c.
902 2997 933 3053 2.
964 2996 998 3055 iu
1026 2990 1111 3061 Bibl.
1134 2991 1188 3053 Fr.

95 3111 168 3181 ΡοΙ.
192 3111 217 3174 l.
243 3134 273 3192 p.
297 3107 402 3191 273.):
434 3103 673 3186 „inveniuntur
702 3116 816 3191 gentes
846 3110 934 3171 omni
961 3082 1191 3189 1111111111Ιί-

97 3233 194 3314 gioua
225 3225 390 3305 carentes,
419 3223 530 3304 quales
562 3232 670 3289 nostra
700 3232 807 3290 aetate
841 3218 1030 3305 quibusdam
1053 3229 1088 3289 in
1110 3225 1191 3311 locis

99 3349 251 3409 inventae
280 3351 355 3407 sunt
387 3364 425 3406 ac
456 3344 645 3405 nominatim
675 3344 709 3405 in
743 3346 876 3427 regione
907 3341 1115 3415 Bresiliae:“
1147 3343 1190 3406 cf.

101 3462 268 3525 Mamaos.
315 3458 495 3522 Gruudm'cr
523 3459 582 3522 der
607 3457 802 3523 Geecdicdte
832 3461 917 3523 aller
938 3459 1139 3544 Religionen
1161 3465 1194 3524 2.

100 3580 208 3665 Aurg.
237 3583 329 3642 1787.
353 3580 383 3654 ἦ.
409 3581 436 3638 1.
480 3573 569 3638 idem
592 3581 668 3637 ante
697 3596 814 3655 paucos
837 3575 896 3638 bos
926 3596 1028 3638 annos
1050 3576 1090 3639 de
1113 3574 1195 3642 Bre-

99 3693 175 3758 silia
205 3695 313 3758 nescio
340 3693 402 3757 boc
425 3695 580 3773 temporis
611 3692 747 3756 articulo
770 3693 826 3757 ubi
848 3692 955 3778 legera
984 3713 1036 3755 1111
1060 3695 1194 3759 memini
1275 3766 1276 3770 ,

101 3824 135 3875 et
155 3810 336 3890 complures
367 3813 421 3890 qui
450 3812 672 3873 recentissima
705 3819 813 3874 aetate
835 3813 953 3874 itinera
974 3818 1193 3890 susceperunt,

102 3936 139 3992 ut
161 3927 293 4017 Roscius
324 3935 357 3991 et
387 3927 509 4010 Parry,
539 3931 572 3991 in
601 3934 713 4012 gentes
735 3926 946 4009 (Eskimaax)
977 3947 1013 3989 se
1042 3926 1197 3988 incidisse

103 4053 245 4124 narrant,
267 4066 349 4125 quaa
370 4047 457 4107 omni
479 4043 638 4129 religione
658 4051 798 4108 careant.
843 4042 931 4107 Idem
947 4048 1056 4106 narrat
1070 4039 1195 4105 Anarta

105 4363 157 4396 ποι
176 4347 243 4415 περὶ
259 4341 342 4394 θεῶν
360 4344 469 4406 ἔχουσιν
486 4341 657 4416 arudineto:
677 4341 731 4393 Cic.
746 4341 778 4390 dc
792 4340 844 4403 leg.
863 4340 882 4402 1,
900 4341 927 4392 8.
948 4339 1019 4392 Lact.
1041 4341 1120 4395 instit.
1140 4343 1191 4393 div.

105 4428 132 4490 1,
152 4433 178 4481 2.
199 4428 279 4480 Clam.
300 4427 374 4480 dlcx.
392 4427 484 4481 Strom.
505 4430 535 4491 V,
556 4427 599 4480 14.
619 4427 658 4494 (p.
677 4424 819 4492 119111.)
