3044 5376
724 488 974 556 ..36-

303 684 487 759 sequantur.
530 668 704 748 Alioquin,
732 688 791 732 nec
821 665 963 730 felicitas
990 669 1108 746 (neque
1137 665 1264 726 interna
1293 682 1407 745 neque

305 791 455 874 externa)
484 795 591 870 potest
619 787 773 850 constitui
805 795 838 847 et
866 782 1102 846 communionis
1124 778 1262 875 vincula
1275 779 1408 842 dirum-

305 916 422 990 pantur
443 898 577 968 necesse
600 908 659 964 est.
703 898 740 962 ld
761 901 844 981 quod
868 902 969 979 ipsius
992 905 1125 961 naturae
1141 896 1268 979 legibus
1287 893 1408 960 officit.
1519 980 1520 989 ἵ

305 1025 448 1107 Flagitat
476 1024 573 1105 igitur
601 1039 746 1082 amorem
774 1016 869 1081 illum
901 1021 934 1078 et
967 1015 1085 1079 idcirco
1108 1012 1255 1097 ejusdem
1279 1016 1408 1079 errroris
1519 1058 1520 1075 r

306 1142 500 1222 principium
528 1136 669 1216 aliquod.
720 1132 796 1197 Lex
826 1142 934 1197 autem
964 1141 1091 1197 mortua
1121 1138 1158 1194 ut
1191 1131 1250 1194 lex
1279 1154 1335 1210 per
1368 1155 1405 1196 se
1519 1132 1520 1135 ’

305 1266 450 1340 spectata
469 1276 537 1318 nou
559 1252 656 1317 habet
676 1250 779 1315 ullam
801 1253 867 1315 vim
890 1250 988 1333 hujus
1011 1254 1132 1314 arnoris
1160 1249 1406 1313 exsuscitandi:
1519 1260 1520 1283 ³

309 1397 385 1459 ergo
409 1385 525 1438 natura
545 1393 603 1451 eo,
626 1372 710 1451 quod
732 1390 875 1432 amorem
899 1368 991 1430 nobis
1008 1373 1203 1451 praecepit,
1226 1387 1285 1429 nec
1309 1366 1408 1430 nobis
1519 1406 1520 1421 l

308 1515 366 1558 nec
386 1491 450 1556 sibi
472 1490 639 1555 suffecisse
660 1486 802 1567 putanda
818 1494 867 1550 est
885 1492 919 1547 et
931 1492 1088 1564 prouocat
1103 1484 1142 1546 ad
1160 1482 1231 1544 alia
1242 1486 1408 1564 principia

307 1609 540 1692 investiganda.
584 1604 629 1668 At
654 1602 778 1666 nullum
795 1604 875 1666 satis
892 1608 951 1664 est.
1002 1599 1054 1663 Ab
1070 1601 1149 1664 olido
1165 1623 1319 1681 persaepe
1337 1625 1408 1665 non

308 1733 416 1806 potest
436 1725 527 1788 duci:
559 1744 633 1786 nam
655 1741 810 1802 personae
833 1740 925 1783 amor
947 1698 1056 1798 (probe
1077 1717 1323 1801 distinguendus
1343 1719 1408 1783 ille
1518 1760 1520 1765 ·

308 1842 437 1923 quidem
462 1862 483 1903 a
513 1840 677 1922 voluptate
707 1840 783 1903 inde
804 1836 953 1917 oriunda)
982 1852 1044 1898 aon
1075 1839 1239 1901 enascitur
1265 1839 1329 1900 nisi
1358 1860 1407 1901 ex

308 1980 419 2022 amore
440 1961 473 2023 io
498 1980 556 2023 uos
578 1961 721 2023 collato:
751 1958 934 2020 sexcenties
963 1960 1070 2017 autem
1099 1952 1269 2017 amorille
1292 1958 1332 2018 iis
1354 1965 1411 2020 est

310 2077 561 2155 impertiendos,
591 2078 644 2156 qui
676 2077 797 2138 amoris
825 2083 882 2136 aut
903 2070 1028 2135 nullum
1050 2072 1177 2152 siguum
1202 2072 1408 2148 prodiderint
1519 2117 1520 2128 l

309 2197 366 2253 aut
387 2211 516 2254 sensum
540 2195 736 2256 contrarium
751 2190 961 2255 ostenderint.
1000 2187 1086 2261 Quid
1102 2187 1220 2271 igiturl
1248 2187 1407 2251 Fortasse
1519 2195 1520 2206 ¹

310 2327 357 2369 ex
388 2310 489 2371 animi
518 2310 621 2372 nostri
650 2310 792 2388 ipsorum
822 2303 1040 2386 penetralibus
1071 2305 1226 2370 scaturit?
1272 2306 1316 2369 At
1339 2328 1409 2369 non

311 2432 361 2488 est
385 2426 442 2487 ita.
488 2423 590 2489 Amor
602 2427 663 2489 iste
678 2416 874 2489 universalis
893 2424 990 2486 etiam
1006 2420 1145 2486 hostium
1161 2426 1292 2486 innatus
1311 2423 1410 2487 uobis

311 2563 383 2604 esse
406 2542 470 2604 dici
493 2564 556 2605 nou
579 2554 700 2622 potest:
723 2542 943 2622 pedententim
968 2542 1053 2602 enim
1076 2540 1117 2601 ad
1140 2561 1215 2603 eum
1232 2540 1408 2603 escendere

311 2660 501 2741 reperimur,
522 2663 627 2722 causis
641 2662 741 2742 justis
758 2653 1010 2734 impellentibus.
1043 2659 1189 2742 Propter
1206 2657 1406 2738 voluptatem

310 2781 438 2854 autem,
468 2795 562 2856 quam
594 2797 640 2839 ex
669 2796 779 2838 amore
809 2776 873 2836 isto
901 2777 1042 2855 genuino
1071 2778 1230 2855 capimus,
1262 2797 1406 2839 amorem

315 2913 378 2955 non
402 2912 571 2971 possumus
592 2895 626 2954 in
649 2895 750 2955 vitam
772 2891 965 2972 producere3
988 2909 1062 2951 num
1087 2894 1148 2955 etsi
1169 2894 1307 2956 nolimus
1322 2894 1405 2956 oeli-

312 3026 380 3069 mer
405 3014 540 3072 naturae
562 3008 711 3089 estlear,
744 3021 781 3074 ut
806 3008 971 3072 felicitatis
993 3010 1136 3072 maxime
1158 3011 1306 3074 sincerae
1327 3032 1406 3072 con·

313 3123 398 3185 dicio
421 3125 514 3186 nobis
537 3129 658 3206 optime
681 3129 869 3204 conveniat,
890 3131 998 3188 tamen
1018 3122 1097 3187 baec
1117 3128 1188 3204 ipsa
1201 3128 1242 3188 iis
1258 3127 1405 3206 eripitur,

313 3240 367 3316 qui
396 3237 564 3302 felicitatis
592 3243 688 3304 istius
716 3241 780 3305 sibi
812 3241 973 3320 parandae
997 3261 1097 3304 cauea
1126 3245 1278 3307 virtutem
1304 3265 1403 3324 eoque

313 3357 412 3419 etism
434 3377 575 3421 amorem
599 3361 696 3422 istum
719 3360 837 3421 sectari
859 3359 894 3420 in
915 3365 1056 3421 mentem
1084 3359 1283 3425 induxerint.
1328 3359 1405 3424 Per·

313 3473 458 3538 turbatur
480 3477 567 3539 enim
589 3477 798 3556 conscientia,
821 3475 1065 3556 limpidissimus
1088 3483 1121 3541 et
1144 3480 1334 3556 purissimus
1356 3480 1406 3542 ie-

313 3586 448 3653 lieitatis
470 3591 562 3670 fons,
586 3593 741 3672 siquidem
766 3592 954 3677 hujusmodi
968 3597 1112 3657 actiones
1130 3617 1186 3674 per
1202 3594 1405 3659 mendacium

313 3702 472 3783 quoddam
495 3715 605 3788 turpe,
635 3709 786 3773 videntur
813 3710 940 3789 quidem
971 3709 1012 3772 ab
1042 3712 1180 3775 oliorum
1202 3733 1312 3777 amore
1334 3734 1406 3793 pro-

304 3817 437 3900 ·ficisci,
466 3843 579 3903 reapse
607 3834 714 3887 autem
744 3848 764 3887 a
793 3830 920 3906 proprio
949 3849 1058 3892 amore
1082 3830 1239 3912 originem
1263 3829 1405 3893 trahunt.

313 3936 504 4024 infringitur
524 3941 654 4005 taudem
676 3964 733 4022 per
748 3946 939 4023 principium
958 3945 1056 4023 istud,
1078 3945 1134 4009 ubi
1150 3946 1252 4009 semel
1267 3950 1301 4011 in
1317 3946 1414 4011 clara'

313 4053 386 4119 luce
408 4064 459 4121 est
480 4057 692 4140 collocatum,
723 4059 798 4144 (nec
828 4074 961 4126 naturae
981 4060 1054 4145 lege
1076 4062 1159 4128 solet
1173 4064 1237 4128 diu
1260 4063 1405 4128 tenebris

313 4170 467 4255 obvolvi)
495 4174 553 4240 ille
585 4180 655 4258 ipse
689 4199 779 4239 amor
810 4187 956 4255 mutuus,
995 4200 1089 4257 quem
1125 4180 1252 4265 flagitat
1289 4190 1405 4245 natura

314 4290 723 4369 cujusquefundumentum
735 4297 928 4375 quaerimus.
951 4273 1146 4380 Ergoquum
1163 4301 1283 4363 amoris
1300 4299 1407 4362 mutui

314 4403 405 4483 fons,
436 4409 489 4485 qui
512 4418 640 4472 enrauat
662 4430 707 4473 ex
729 4417 784 4474 eui
803 4431 936 4491 eruore,
961 4412 1111 4479 occludet
1132 4423 1248 4484 natura
1269 4423 1406 4481 vetustte
