3044 5376
760 501 1010 565 ..23-

339 685 507 763 cipiumsc
523 676 625 761 paene
639 699 706 740 vox
716 697 847 757 prorsus
861 677 929 740 iere
944 673 1094 739 exulavit
1108 694 1152 738 ex
1168 673 1277 738 ethica
1287 674 1459 738 doctmnu

340 797 541 863 Kasmenai
584 796 629 860 At
656 798 780 860 utinam
811 795 1034 857 meminissent
1062 791 1248 874 philosophi
1269 795 1324 857 isti
1348 791 1457 858 Novi

340 916 563 994 Testamenti,
593 935 637 976 ex
669 934 731 994 quo
759 915 808 976 uti
836 912 933 997 longe
963 911 1120 993 plurima,
1150 933 1232 992 quae
1261 933 1331 976 cum
1356 932 1455 975 vera

340 1033 537 1098 concordant
551 1032 669 1112 ethica,
692 1032 877 1096 didicerunt
895 1033 982 1111 iique
1004 1049 1235 1109 saepenumero
1257 1032 1366 1109 inscii,
1394 1033 1453 1093 ita

340 1152 432 1235 plura
454 1153 551 1215 etiem
564 1150 699 1214 ‘discere
721 1151 921 1230 potuissent,
944 1149 971 1208 si
995 1150 1136 1210 animum
1160 1170 1199 1211 eo
1222 1147 1449 1227 appulissent.

339 1266 476 1331 Habitat
490 1270 594 1349 'prope
616 1266 736 1332 Paulus
760 1270 793 1330 in
817 1287 856 1328 ea
878 1265 1056 1343 sententia,
1084 1274 1122 1328 ut
1152 1272 1172 1327 a
1202 1263 1275 1350 lege
1302 1273 1339 1329 ut
1361 1264 1447 1349 lege

341 1389 407 1448 vim
430 1388 531 1466 ipsius
555 1386 738 1467 implendae
759 1403 854 1465 posse
874 1383 978 1461 repeti
996 1383 1175 1463 praefracte
1190 1391 1296 1468 neget.
1343 1382 1445 1447 Adeo

341 1501 401 1567 lex
430 1525 487 1583 per
515 1523 551 1566 se
573 1511 718 1585 spectata
741 1500 919 1565 officiorum
944 1500 1224 1579 exsequendorum
1246 1500 1444 1565 facultatem

343 1642 407 1683 nou
430 1620 579 1701 praebet,
602 1629 637 1684 ut
660 1621 736 1684 data
757 1623 801 1683 sit
821 1619 862 1681 ad
885 1625 1017 1698 peccata
1039 1618 1185 1702 augenda
1208 1617 1314 1703 (Rom.
1333 1624 1363 1699 5,
1384 1625 1441 1683 20.

343 1737 416 1802 Gal.
441 1744 472 1818 3,
497 1739 574 1822 ta),
598 1737 676 1802 mali
697 1737 891 1800 desiderium
915 1738 950 1798 iu
973 1735 1066 1799 nobis
1088 1734 1199 1800 eliciat
1218 1734 1325 1819 (Rom.
1342 1741 1374 1816 7,
1391 1741 1441 1816 8.)
1507 1802 1508 1819 2

343 1863 439 1938 atque
461 1858 548 1919 omni
570 1859 604 1919 vi
627 1860 670 1920 ait
698 1857 868 1932 destituta,
899 1876 960 1936 qua
988 1853 1028 1917 ad
1060 1853 1112 1917 dei
1143 1853 1343 1917 voluntatem
1373 1856 1439 1916 im·

342 1973 507 2062 piendam
526 1993 585 2036 nos
615 1972 781 2037 corrobret
811 1972 916 2054 (Rom.
941 1977 978 2051 8,
1000 1976 1029 2035 3.
1060 1969 1132 2035 Gal.
1156 1976 1194 2051 3,
1218 1973 1296 2055 22).
1340 1969 1439 2046 Quod

343 2099 415 2174 quis
437 2091 567 2154 tandem
590 2095 663 2171 erit,
687 2096 740 2172 qui
762 2090 886 2156 infitias
908 2095 956 2154 ire
976 2089 1110 2154 audenti
1145 2087 1195 2152 An
1213 2111 1329 2153 revera
1347 2090 1438 2170 quis-

344 2231 438 2289 quam
461 2231 480 2271 a
505 2230 539 2271 se
562 2209 767 2289 impetrabit,
789 2217 825 2273 ut
847 2232 883 2273 re
905 2212 1043 2272 interius
1066 2212 1264 2288 examinata,
1286 2206 1392 2293 legem
1410 2229 1436 2271 s.

342 2325 447 2389 ideam
471 2324 612 2405 aliquam
638 2330 661 2390 i.
685 2349 821 2408 erem,
844 2348 926 2409 qnae
949 2347 1045 2390 sensu
1068 2334 1177 2391 careat
1199 2348 1258 2389 uec
1279 2326 1355 2407 quid
1373 2328 1437 2406 ipsi

343 2446 377 2507 in
394 2463 464 2507 eam
481 2447 675 2522 sentiamus,
698 2448 867 2527 percipiat,
891 2447 1049 2525 „amore“
1072 2466 1165 2526 quem
1186 2444 1340 2525 amplecti
1361 2446 1435 2507 exi-

343 2559 473 2624 stimet?
509 2559 583 2625 Nou
606 2564 702 2626 credo
724 2563 883 2643 equidem.
928 2561 1016 2625 Beue
1033 2560 1159 2625 scilicet
1175 2561 1435 2646 distinguendum

343 2676 436 2740 nobis
458 2686 509 2743 est
524 2682 616 2743 'inter
638 2700 780 2742 amorem
805 2686 837 2743 et
858 2677 1074 2759 voluptatem,
1098 2692 1160 2761 qua
1181 2680 1256 2764 quid
1280 2682 1435 2743 sentimus

343 2815 380 2857 ac
395 2798 541 2876 cupimus
553 2818 709 2879 quemque
723 2800 902 2879 posteriore
917 2797 1061 2877 tempore
1070 2797 1325 2879 complacentiae
1339 2795 1434 2882 vulgo

289 2924 291 2928 ‘
342 2917 472 2979 nomine
495 2915 673 3001 designaut.
716 2908 829 2997 Neque
847 2918 933 2979 euim
950 2937 1022 2979 eum
1037 2915 1175 2979 dicimus
1195 2936 1359 2993 amorem,
1381 2917 1434 2995 qui

341 3028 491 3096 (larteaio
512 3034 629 3116 (epist.
654 3033 798 3098 XXXV
822 3036 911 3115 init.)
940 3032 1054 3113 „nihil
1084 3032 1172 3097 aliud
1195 3033 1324 3096 videtur
1352 3053 1433 3112 esse,

340 3168 435 3227 quam
449 3151 540 3228 :quod
555 3151 619 3215 'ubi
639 3156 747 3215 anima
771 3159 881 3214 nostra
902 3150 1022 3215 bonum
1049 3148 1180 3232 aliquod
1198 3153 1268 3214 sive
1283 3171 1433 3231 praeseus

282 3274 284 3278 ’
340 3265 410 3326 sive
432 3262 548 3328 absens
577 3270 742 3347 percipit,
762 3268 847 3347 quod
878 3267 940 3331 sibi
969 3263 1164 3332 conueniens
1194 3288 1265 3332 esse
1295 3269 1431 3352 judicat,

339 3403 374 3444 se
397 3382 551 3447 eumuna
575 3382 743 3450 uoluntate
765 3389 953 3471 conjungit,
986 3386 1047 3451 hoc
1078 3394 1145 3468 est,
1175 3382 1335 3469 seipsam
1357 3408 1432 3466 ,cunr

342 3497 404 3563 hoc
420 3500 518 3564 [bono
545 3504 730 3570 considerat
760 3505 863 3571 veluti
883 3512 987 3570 totum
1011 3505 1158 3587 aliquod,
1189 3509 1284 3590 cujus
1306 3500 1364 3568 illa
1385 3512 1434 3569 est

339 3636 521 3697 pmuna‘,
544 3623 614 3700 ipsa
636 3644 713 3686 vero
735 3644 808 3704 pars
829 3623 976 3689 altera.“
1005 3622 1082 3687 'Hic
1101 3623 1165 3687 uon
1184 3633 1232 3688 est
1246 3622 1355 3704 amor,
1377 3622 1433 3686 sed

340 3733 427 3795 notio
444 3754 585 3813 uprorsus
616 3737 743 3820 aliena,
776 3743 892 3821 quippe
922 3738 1100 3822 voluptatis
1130 3741 1262 3823 sensus,
1297 3744 1353 3823 qui
1376 3762 1433 3822 per

339 3849 451 3914 omnes
467 3855 599 3917 omnino
613 3877 666 3919 res
680 3860 778 3922 etiam
793 3861 1005 3939 inanimatas,
1030 3862 1168 3923 excitari
1181 3861 1216 3924 iu
1232 3859 1325 3923 nobis
1341 3856 1431 3922 solet.

339 3967 493 4033 Amorem
518 3970 653 4037 dicimus
675 3978 783 4055 potins
805 3999 898 4059 enm,
930 3980 984 4058 qui
1015 3984 1085 4041 toto
1105 3975 1201 4040 Novo
1223 3976 1432 4042 Testamenta
1507 4052 1508 4061 ἵ

340 4085 438 4152 solet·
452 4088 516 4154 dici
545 4112 576 4152 va
599 4112 625 4152 c.
651 4099 667 4155 1
690 4088 767 4157 ΙιιΙι.Δ
789 4102 825 4176 3,
850 4101 900 4159 16.
929 4089 1042 4169 toste
1063 4090 1164 4177 ἀγάπη
1188 4093 1252 4160 ἐστὶ
1269 4094 1335 4160 ete.
1364 4096 1432 4176 qui·

338 4227 400 4286 que
418 4215 511 4274 ,omni
529 4215 584 4273 eus·
604 4213 731 4297 ratione
754 4214 919 4294 deposita,
942 4210 1037 4276 elteri
1059 4213 1141 4279 bene
1164 4214 1314 4295 cupiendi
1339 4233 1433 4277 sensu

340 4323 523 4389 continetur
556 4348 614 4390 nec
642 4329 734 4410 ideo,
766 4332 840 4412 quia
868 4331 929 4409 ipsi
953 4337 1010 4407 ,est
1039 4341 1187 4416 gratum,
1217 4329 1376 4396 beneficia
1398 4333 1432 4393 in
1507 4332 1508 4369 l

339 4438 477 4506 alterum
500 4443 646 4507 conferre
668 4446 792 4525 studet,
815 4465 927 4511 verum
950 4447 1085 4515 alterius
1102 4450 1204 4516 solius
1218 4466 1335 4516 causa
1370 4447 1433 4513 Ea·
