3044 5376
781 467 1004 532 ..6-

346 652 414 708 tum
438 642 517 709 iliud
542 641 665 707 Christi
694 616 882 706 testimonio
912 651 1163 724 superstructum
1194 608 1447 723 haudquaquam
1507 686 1509 787 4

347 760 583 840 repudiemus3-
602 762 634 822 in
666 781 705 822 ea
727 768 835 824 tamen
858 763 1012 841 opinione
1036 780 1165 837 sumus,
1187 767 1224 822 ut
1246 762 1291 822 ita
1314 781 1448 841 quoque
1508 800 1509 837 t

347 877 387 940 de
409 879 607 962 argumentis
629 881 719 942 mere
739 877 953 960 rationalibus
974 878 1182 957 quarnobrem
1212 876 1446 956 disquiramus,

347 994 519 1089 plurinmm
542 994 661 1060 babere
687 1017 745 1059 noa
767 1018 964 1062 censeamus.

430 1113 529 1194 Atqui
552 1113 635 1178 alios
657 1113 751 1178 nobis
773 1136 940 1179 occurrere
961 1094 1057 1178 video
1080 1132 1199 1193 eosque
1214 1115 1347 1177 minime
1363 1133 1443 1176 con·

346 1215 546 1296 temnendos.
591 1231 717 1298 Nubem
741 1233 814 1298 dico
836 1255 966 1313 eurum,
997 1234 1050 1314 qui
1080 1230 1120 1294 ad
1144 1231 1364 1293 immediatam
1388 1230 1445 1293 dei

346 1350 577 1416 conscientiam
609 1354 718 1418 nescio
748 1371 840 1432 quam
871 1359 1048 1432 provocent
1078 1356 1134 1413 aut
1161 1346 1263 1412 aliurn
1297 1370 1354 1428 pro
1387 1347 1441 1410 dei

347 1466 524 1532 existentia
556 1476 779 1552 argumentum
808 1469 945 1548 proferri
981 1489 1074 1548 posse
1104 1467 1283 1546 praefracte
1313 1474 1441 1549 negent.

346 1579 396 1645 lta
418 1574 769 1649 Scanarsauncnsaua
794 1582 870 1663 ilia,
893 1606 985 1665 quem
1003 1587 1065 1651 etsi
1081 1605 1268 1665 persuasum
1284 1581 1440 1647 habemus

346 1697 401 1761 ubi
415 1720 435 1763 a
450 1698 611 1785 theologia
622 1701 826 1787 pbilosophis
840 1701 956 1766 meiius
975 1706 1035 1766 erit
1055 1709 1256 1783 pterspeotus,
1281 1705 1436 1786 majorem

346 1818 443 1880 etiam
474 1820 506 1880 in
535 1817 731 1903 theologiam
764 1832 851 1885 certa
874 1822 1231 1891 exsuscitandamesse
1255 1824 1319 1884 vim
1340 1818 1433 1882 exhi-

346 1931 515 2015 buturum,
544 1946 652 2003 tamen
676 1942 790 2003 miram
813 1938 895 2004 hanc
916 1944 1108 2005 sententiam
1133 1938 1268 2024 prodere
1291 1940 1438 2002 memini·

347 2072 417 2115 inus
431 2042 576 2133 (Gluuie
590 2057 666 2118 edit.
684 2062 713 2121 3.
731 2080 760 2137 p.
777 2064 855 2124 tris
866 2060 1048 2139 tra-om
1072 2056 1167 2137 „Die
1181 2057 1440 2140 Anerkenmmg,

346 2168 421 2231 durs
451 2170 511 2234 dua
543 2171 825 2260 scileobtbs'am'ge
858 2174 1251 2261 Attangagketogefutl
1281 2210 1316 2222 ·-
1348 2172 1440 2237 reiciet

346 2293 448 2349 etwas
462 2288 653 2373 Zufiilliges
670 2296 727 2368 ist,
751 2292 832 2357 nocis
850 2292 933 2358 uoci
947 2303 1048 2357 etwas
1059 2291 1248 2377 parabolici
1270 2289 1440 2355 Veracln'e·

296 2386 299 2392 ¹
345 2402 445 2468 dener
472 2442 506 2452 —-
530 2417 653 2497 arietat
671 2408 741 2488 fiir
768 2410 825 2476 dic
855 2410 1113 2476 Glauiemlebre
1140 2409 1343 2494 oollatc‘r‘mlig
1374 2410 1441 2472 olle

344 2535 548 2606 ingenuitate
560 2525 780 2608 Besoeisesair
796 2528 997 2593 dosDases'a
1013 2527 1164 2593 Θυίων(
1199 2526 1440 2610 Antosiguanus

346 2635 445 2721 hujus
475 2647 655 2709 sententiae
685 2654 871 2721 recentiore
900 2656 1046 2727 tempore
1074 2655 1141 2710 tant
1164 2666 1258 2726 saepe
1281 2647 1440 2725 repetitae

346 2754 512 2823 habendus
525 2770 575 2826 est
590 2761 714 2844 iacobi,
739 2769 793 2846 qui
806 2739 901 2846 gauro
920 2764 1073 2844 {isacius
1090 2766 1162 2845 (per
1179 2763 1323 2825 criticam
1340 2784 1440 2842 purae

264 2900 266 2903 ·
344 2877 495 2958 rationis)
517 2886 705 2965 argumenta
726 2886 759 2948 in
782 2883 894 2948 schola
916 2881 1086 2949 Wotfiana
1112 2882 1312 2961 potissimum
1341 2878 1440 2943 vehe-
1520 2940 1521 2965 ¹

345 3004 472 3058 menter
492 3000 717 3066 concelebrata
740 3001 959 3069 lateiactasset
982 3024 1041 3067 nee
1064 3006 1252 3085 argumento
1283 3001 1438 3078 practico,
1519 2968 1521 2983 ἵ

346 3112 426 3187 quod
460 3116 527 3191 ipse
557 3118 745 3199 obtulerat,'
766 3123 998 3201 satisfecisset,
1030 3142 1070 3184 ne
1098 3138 1179 3197 opus
1208 3116 1334 3196 quidem
1367 3139 1439 3181 esse

338 3239 532 3310 'argumento
555 3225 613 3312 pro
636 3234 687 3296 dei
712 3238 898 3301 existentia
920 3234 1159 3300 vociferabatur
1180 3218 1363 3315 multosque
1385 3258 1438 3298 se·

343 3367 413 3411 cum
430 3348 619 3432 abripiebat.
650 3352 792 3435 Antiqua
804 3357 874 3438 jam
890 3362 1035 3434 tempora
1051 3352 1131 3417 haec
1147 3352 1259 3417 eadent
1276 3355 1438 3417 sententia

343 3470 470 3546 saepius
493 3470 556 3534 tuit
577 3470 720 3552 prolata3
744 3474 783 3537 ci.
806 3495 902 3554 quum
926 3472 1158 3538 Platonismum
1173 3480 1241 3535 tum
1256 3469 1437 3533 Arnobiunr

342 3577 475 3663 (disput.
500 3588 572 3650 adv.
596 3598 684 3672 gent.
707 3591 731 3656 l.
757 3615 787 3672 p.
807 3571 892 3676 ‘1i.):
918 3591 1163 3674 „Quisquamne
1186 3595 1236 3651 est
1257 3587 1436 3664 hominum,

343 3703 401 3778 qai·
427 3721 491 3763 non
521 3724 592 3767 cum
624 3708 718 3770 istius
747 3711 901 3788 principis
931 3710 1025 3789 (dei)¹
1043 3708 1176 3769 notione
1203 3702 1289 3763 diem
1313 3703 1436 3779 primae

342 3821 522 3883 nativitatis
537 3823 727 3888 intraverit:
751 3825 803 3888 oui
822 3845 885 3899 non
906 3827 949 3905 sit
965 3824 1155 3908 ingenitum,
1179 3821 1277 3880 immo
1292 3812 1434 3877 infixum

343 3972 381 3984 ψ·
407 3960 469 4003 non
494 3942 637 4020 insitum,
661 3964 732 4006 esse
754 3962 862 4028 regem
882 3966 919 4008 ac
933 3942 1097 4006 dominum
1116 3942 1314 4013 cunctorum,
1337 3953 1434 4013 quae·

341 4079 466 4138 carique
489 4070 580 4138 sunt,
606 4060 891 4126 rauderatoremi“
936 4060 1052 4125 Postea
1075 4057 1229 4135 ternporis
1244 4054 1341 4115 etiam
1357 4044 1437 4115 Carss

342 4177 442 4237 tesius
465 4179 608 4243 innatam
633 4168 726 4244 nobis
742 4180 878 4244 casadei
895 4178 1002 4243 ideam
1017 4175 1180 4239 docuerat.
1225 4170 1311 4235 Fuse
1326 4180 1435 4236 autern

342 4298 375 4352 et
403 4295 570 4380 ingeniose
600 4321 668 4361 rem
696 4294 786 4363 suam
818 4292 1003 4378 persecutus
1033 4303 1083 4358 cst
1109 4291 1230 4385 Jnoour
1252 4294 1285 4354 in
1307 4288 1434 4368 libello,

340 4411 393 4488 qui
415 4413 588 4491 inscriptus
615 4425 665 4479 eat
686 4417 786 4494 „Vua
807 4416 870 4481 dea
890 4413 1073 4501 gittls'cien
1095 4411 1233 4497 Diogen
1250 4402 1324 4475 'aad
1343 4408 1437 4473 mter
