3044 5376
1468 316 1470 379 l

1469 388 1471 455 i

774 443 1025 508 ...16-

350 639 438 685 mum
461 638 532 682 esse
555 619 747 682 existimant
759 617 798 698 i).
844 617 937 695 Quae
959 620 1045 683 enim
1064 625 1198 680 naturae
1221 625 1272 682 est
1287 604 1473 685 institutiol

352 739 385 803 id
413 744 463 801 est
487 734 672 817 philosophi
700 740 784 801 cauti
823 744 856 798 ct
891 739 1133 816 circumspecti,
1171 744 1207 799 ut
1236 737 1343 817 quoad
1379 740 1459 822 ejus

354 855 428 920 fieri
447 855 560 935 possit,
583 830 669 916 idem
683 852 804 943 ubique
824 861 966 918 sectetur
978 856 1171 935 principium
1194 861 1227 917 et
1242 853 1344 917 verbo
1363 863 1459 919 certe

353 972 406 1038 hic
428 972 592 1036 monuisse
611 968 760 1051 juvabit,
791 993 885 1052 quam
917 980 1044 1051 praeter
1072 992 1199 1035 omnem
1224 974 1459 1037 necessitatem

354 1094 389 1154 in
411 1090 464 1153 dei
486 1067 688 1168 potissimum
710 1090 842 1151 notione
865 1090 905 1153 ad
937 1090 1043 1153 ideam
1066 1096 1200 1151 naturae
1220 1091 1458 1170 anticipatione

356 1207 448 1272 nohis
476 1207 606 1269 insitam
628 1205 827 1290 confugiant,
849 1209 994 1287 quaurvis
1011 1204 1159 1285 plurimis
1179 1205 1277 1292 longe
1300 1210 1456 1292 cogitatis

355 1329 425 1388 siue
460 1324 689 1386 retractatione
717 1327 926 1386 extrinsecae
954 1326 1112 1403 repetitis.
1162 1322 1324 1388 Nimirum
1355 1346 1455 1406 quum

356 1441 572 1522 perfectiones
595 1460 724 1519 rerum,
747 1460 825 1518 quas
846 1442 1052 1504 circumcirca
1074 1443 1314 1521 conspicamur,
1344 1440 1456 1505 valde-

356 1579 450 1641 quam
473 1560 537 1620 sint
558 1558 668 1618 variae
701 1562 735 1618 et
754 1559 945 1621 necessitate
974 1564 1108 1622 naturae
1139 1558 1180 1620 ad
1202 1558 1353 1640 singulus
1375 1579 1453 1622 con-

357 1678 501 1740 diciones
528 1672 771 1757 distinguendas
808 1672 986 1748 deducant3
1018 1670 1101 1735 nihil
1138 1675 1255 1752 opinor
1283 1676 1454 1754 (quamvis

358 1791 506 1856 Certesio
516 1791 651 1872 ejusque
667 1789 802 1853 asseclis
819 1789 1102 1855 vehementissime
1116 1788 1385 1873 obstrepentibus)
1403 1794 1453 1857 fa·

358 1910 453 1974 cilius
476 1915 526 1972 est
548 1906 734 1987 intellectu,
765 1930 859 1989 quam
881 1909 1039 1990 quomodo
1061 1909 1146 1970 ratio
1168 1908 1322 1986 humana,
1352 1930 1449 1986 prae-

358 2029 497 2093 stantiae
512 2025 709 2089 diversitate
724 2020 825 2088 semel
848 2028 954 2106 sensa,
978 2044 1131 2088 conamen
1153 2031 1284 2087 naturae
1304 2044 1452 2086 summae

358 2143 548 2227 cogitandae
578 2142 665 2225 (narn
693 2140 779 2204 ultra
807 2163 964 2206 conamen
992 2141 1141 2227 progredi
1164 2139 1288 2224 nequit)
1316 2138 1454 2203 subierit
1487 2147 1489 2231 l

359 2261 495 2343 ejusque
518 2257 660 2322 indolem
683 2261 717 2322 in
740 2261 927 2323 universum
948 2258 1065 2325 saltem
1080 2257 1305 2323 delineaverit.
1350 2258 1454 2322 Sicuti
1489 2243 1490 2315 l

359 2376 437 2440 mali
459 2384 534 2440 suut
552 2376 670 2467 gradus
699 2385 794 2458 atque
815 2377 937 2441 exinde
967 2375 1116 2441 diabolus
1139 2385 1175 2439 ut
1196 2399 1235 2439 ea
1258 2383 1390 2454 natura,
1420 2377 1453 2438 in

359 2469 429 2576 qua·
444 2515 588 2559 summus
619 2494 708 2571 mali,
727 2498 770 2558 sit
791 2496 909 2578 gradus
933 2515 1125 2575 expressus,
1155 2497 1274 2557 sensim
1298 2492 1453 2573 pedeten-

359 2615 480 2693 timque
510 2613 657 2689 emersit,
689 2613 735 2674 ita
764 2613 798 2673 in
827 2608 1094 2675 naturae-bonae
1126 2614 1261 2695 ejusque
1292 2610 1454 2690 perfectae

360 2729 491 2791 notione
526 2725 706 2811 effingenda
736 2729 837 2790 animi
870 2724 1002 2790 humani
1038 2732 1159 2793 versati
1194 2751 1265 2793 esse
1302 2727 1456 2792 censendi

359 2851 453 2925 sunt,
476 2865 539 2923 quo
561 2865 642 2909 mox
665 2845 861 2908 consuetudo
885 2844 960 2909 inde
982 2868 1003 2908 a
1024 2849 1133 2925 pueris
1156 2847 1252 2910 ducta
1275 2832 1309 2909 et
1328 2845 1454 2925 opinio-

359 2983 434 3026 num
458 2967 646 3048 propagatio
668 2964 864 3027 hcreditaria
887 2964 1033 3027 accessit.

444 3079 597 3144 Attamen
613 3087 738 3143 tantum
761 3052 864 3156 abest,
886 3081 979 3165 utin
1000 3100 1045 3141 nn
1063 3077 1204 3142 Wnu‘rn
1222 3087 1329 3158 partes
1350 3078 1386 3162 (l.
1407 3080 1454 3163 c.)

358 3195 581 3274 discedamus,
604 3197 659 3274 qui
682 3215 809 3256 omnem
832 3196 1029 3257 existentiae
1051 3195 1181 3259 divinae
1203 3196 1454 3262 demonstratio·

360 3334 433 3377 nem
464 3314 499 3375 in
529 3311 640 3375 orbem
670 3312 843 3394 circumagi
873 3312 940 3391 ait,
969 3312 1128 3391 siquidem
1156 3315 1231 3377 iude
1254 3316 1457 3394 exordiatur,

292 3426 295 3431 ’
359 3453 421 3512 quo
443 3431 596 3495 devenire
618 3429 747 3496 tandem
769 3427 906 3510 debeat3
938 3435 974 3491 ut
1003 3427 1192 3513 hujusmodi
1220 3433 1456 3498 demonstratio

359 3554 422 3615 rite
444 3553 593 3613 instituto
616 3548 751 3611 eandem
773 3544 954 3610 claritatem
978 3552 1011 3609 et
1035 3544 1220 3613 firmitatem
1243 3549 1361 3614 habere
1376 3574 1456 3616 con-

359 3668 547 3744 tendamus,
585 3686 647 3744 qua
676 3664 969 3728 demonstrationes
1002 3662 1251 3729 mathematicae
1287 3666 1459 3755 splendere

359 3784 477 3849 solent.
522 3779 673 3846 Demiror
696 3781 862 3862 equidem,
885 3778 967 3859 quod
991 3779 1043 3846 dei
1065 3783 1275 3849 existentiam
1298 3789 1327 3850 si
1341 3783 1460 3848 deduci

430 4042 460 4123 *)
480 4053 558 4106 arist.
576 4053 608 4102 do
628 4051 704 4101 anim.
724 4050 768 4102 lll.
788 4049 815 4100 4.
844 4043 997 4116 δυνάμει
1022 4047 1081 4104 nuic
1103 4052 1164 4101 ἐστι
1182 4050 1218 4102 τὰ
1237 4051 1325 4115 νοητὰ
1344 4049 1360 4103 ὃ
1380 4055 1461 4111 νοῠε,

361 4133 423 4188 ἀλλ’
450 4135 603 4201 ἐντελεχείᾳ
628 4130 723 4195 οὐδέν,
754 4137 824 4205 πρὶν
847 4131 884 4185 ἂν
907 4131 945 4198 μὴ
970 4137 1031 4204 νοῇ.
1066 4135 1118 4184 Δεῖ
1133 4131 1161 4185 d'
1185 4131 1286 4197 edoma,
1307 4132 1403 4208 ὥσπερ
1426 4139 1464 4190 ἐν
1489 4181 1494 4188 .

360 4225 617 4293 γραμματείῳ,
641 4209 665 4286 ᾧ
682 4214 770 4286 μηδὲν
782 4215 901 4289 ὑπάρχει
913 4211 1067 4282 ἐντελεχείᾳ
1077 4224 1279 4291 γεγραμμένον.
1298 4217 1368 4292 ὅπερ
1385 4239 1464 4288 συμ-

360 4309 457 4372 βαίνει
473 4308 523 4357 tut
538 4309 589 4358 τοῦ
606 4309 667 4356 νοῦ.
684 4333 720 4342 -
736 4304 817 4354 Loclse
833 4303 869 4355 cl.
887 4304 977 4354 human
995 4304 1156 4356 understand.
1175 4307 1195 4357 l.
1211 4306 1232 4358 l.
1252 4322 1275 4356 c.
1295 4309 1321 4355 2.
1340 4306 1367 4355 3.
1384 4314 1415 4356 et
1430 4308 1464 4360 4.

361 4420 396 4430 -
415 4388 540 4443 Herlurt.
559 4405 636 4455 saepe
654 4390 689 4439 cl.
709 4405 733 4439 v.
754 4405 777 4439 c.
798 4387 918 4452 Psychol.
939 4387 1055 4453 amplior.
1076 4387 1095 4439 l.
