3044 5376
774 429 1026 533 412—-

353 656 420 711 tate
436 645 718 711 vehementissime
734 644 966 709 instimulante.
999 645 1088 720 Quid
1100 655 1208 710 antem
1227 649 1461 714 censebimus?

356 761 422 826 Cur
448 784 512 825 nou
534 762 685 843 percepit
730 760 824 836 Quod
853 763 929 825 inde
958 763 999 825 ab
1021 766 1116 828 initio
1140 763 1221 827 hanc
1244 764 1324 828 milri
1347 765 1461 851 legera

353 883 561 961 scripseram,
593 902 632 943 ne
661 882 761 942 animi
794 880 954 941 desiderio
978 880 1129 962 abreptus
1152 882 1232 945 milri
1256 886 1323 962 ipse
1346 887 1460 966 impo-

356 1019 463 1062 nerem
489 1020 569 1061 ueve
586 1000 702 1060 inertia
718 1005 750 1060 et
764 998 989 1075 desperatione
1007 1003 1055 1062 rei
1074 1000 1319 1083 investigandae
1338 1022 1459 1065 occoe-

354 1123 445 1182 catus
468 1119 632 1197 percipere
654 1114 734 1177 milri
759 1115 902 1192 viderer,
926 1117 1009 1194 quod
1037 1138 1111 1180 vere
1133 1138 1199 1179 nou
1220 1121 1457 1197 percepissem.

356 1235 499 1300 Omnino
522 1234 697 1297 cavendum
714 1232 815 1296 'nobis
838 1241 887 1296 est
909 1255 1123 1317 magnopere,
1146 1255 1187 1296 ne
1210 1255 1348 1315 errores,
1373 1257 1458 1316 quos

355 1375 428 1417 cum
451 1351 535 1415 lacte
557 1351 691 1414 nutricis
713 1352 879 1431 suximus,
904 1351 997 1415 nobis
1020 1355 1186 1433 imponere
1208 1354 1369 1432 patiamur
1397 1365 1458 1418 aut

357 1470 480 1545 desidia
509 1469 634 1548 obruti,
669 1471 703 1531 in
731 1471 928 1532 couscientia
957 1478 1069 1532 nostra
1097 1472 1240 1549 reperire
1270 1469 1454 1551 videamur,

355 1588 439 1667 quod
460 1595 516 1650 aut
538 1585 758 1667 abjiciendum
776 1594 832 1649 aut
845 1607 959 1650 severa
973 1567 1223 1651 ratiocinatione
1239 1588 1455 1652 evincendum

354 1712 409 1768 aut
423 1713 510 1766 certe
526 1706 559 1765 in
574 1703 681 1765 medio
697 1709 747 1764 est
762 1702 1005 1784 relinquendum
1022 1705 1060 1788 l).
1104 1702 1255 1768 Socrates
1274 1704 1457 1791 (Apologia

355 1845 383 1901 p.
408 1827 459 1885 21.
486 1825 519 1900 e)
551 1819 624 1883 ideo
646 1819 709 1883 sibi
732 1824 964 1900 sapientissimi
988 1843 1104 1885 nomen
1128 1844 1199 1887 esse
1222 1822 1355 1886 inditum
1378 1845 1453 1886 cre·

354 1940 456 2018 didit,
487 1938 570 2018 quod
601 1915 682 2001 nihil
713 1960 748 2001 se
778 1941 860 2002 scire
890 1943 1004 2003 sciret:
1036 1940 1121 2021 quod
1150 1940 1231 2002 idem
1261 1938 1451 2001 studeamus

355 2075 467 2119 ornnes
489 2077 621 2119 necasse
644 2064 769 2131 est‚·ut
784 2056 914 2120 taudem
931 2058 1014 2117 scire
1032 2055 1203 2121 discamus.
1246 2054 1454 2134 Quapropter

355 2194 418 2252 quo
441 2171 584 2235 sedulius
607 2175 642 2234 in
665 2170 726 2235 hac
750 2175 950 2236 conscientia
979 2174 1176 2238 excutienda
1200 2193 1269 2237 sum
1293 2179 1453 2249 versatus,

355 2311 394 2353 eo
418 2291 524 2352 nrinus
546 2310 628 2369 queo
650 2288 808 2369 dubitare,
832 2294 908 2375 quin
924 2294 1104 2370 quicunque
1118 2281 1202 2352 hanc
1218 2290 1452 2352 conscientiam

343 2406 573 2472 immediatam
595 2406 657 2469 sibi
673 2407 856 2488 vindicent,
879 2431 914 2471 se
930 2411 991 2489 ipsi
1007 2407 1185 2487 decipiant:
1211 2405 1325 2468 videor
1342 2412 1452 2468 autem

355 2522 436 2589 mihi
457 2533 562 2604 certe,
586 2524 682 2589 homo
707 2547 778 2590 esse
799 2524 895 2605 talis,
918 2523 1029 2604 quales
1051 2523 1168 2603 reliqui
1189 2534 1264 2588 sunt
1286 2524 1428 2606 putandi.

441 2639 553 2722 Neque
576 2640 727 2727 ablegent
756 2641 928 2706 mavelim
951 2641 991 2704 ad
1013 2644 1157 2725 gentium
1179 2662 1391 2720 consensum,
1417 2650 1454 2703 ut

357 2760 431 2822 inde
453 2762 682 2825 conscientiam
704 2764 799 2824 istam
823 2757 1051 2840 comprobent.
1091 2755 1177 2821 Sane
1200 2758 1359 2837 Epicurus
1377 2758 1453 2840 jam

356 2876 455 2960 (apud
479 2876 547 2942 Cio.
562 2879 602 2942 de
625 2889 691 2943 nat.
707 2881 795 2943 deor.
811 2879 832 2942 l.
855 2878 879 2941 l.
898 2883 926 2957 ξ.
940 2877 1006 2956 43.)
1030 2876 1143 2956 „vidit
1165 2896 1237 2939 essa
1254 2873 1343 2954 deos,
1365 2874 1453 2954 quod

356 3002 390 3062 iu
406 3001 548 3062 omnium
564 2999 681 3060 animis
697 3019 807 3062 eorum
822 3000 989 3062 notionem
1001 2996 1220 3076 impressisset
1241 2996 1311 3073 ipsa
1324 3001 1451 3056 natura.

328 3095 449 3188 'Quae
465 3126 521 3187 ¹est
544 3117 630 3177 enim
652 3136 743 3197 gens,
768 3119 874 3194 inquit
893 3112 1043 3196 Vellejus
1067 3111 1163 3174 homo
1181 3111 1370 3191 Epicureus,
1395 3123 1454 3174 aut

357 3230 441 3310 quod
463 3250 565 3314 genus
588 3226 774 3309 hominum,
797 3230 882 3310 quod
905 3250 967 3291 non
991 3228 1108 3292 habeat
1130 3231 1200 3290 sine
1225 3229 1372 3291 doctrina
1393 3251 1453 3292 au·
1502 3238 1503 3273 Τ

355 3349 576 3428 ticipationem
601 3347 761 3428 quandam
784 3347 971 3411 deoruml“
1009 3347 1209 3428 Quamquam
1233 3346 1314 3409 lraeo
1336 3369 1453 3430 inagna

354 3460 524 3545 consensio
551 3487 602 3530 me
630 3470 751 3548 pariter
773 3476 868 3553 atque
891 3466 1074 3531 [laesurum
1102 3465 1347 3550 (Verleauugen
1370 3462 1453 3527 iiber

354 3584 410 3646 die
438 3581 585 3664 Beweiae
617 3606 688 3649 vom
721 3585 851 3651 Daseia
883 3585 1000 3651 notter
1035 3608 1066 3665 p.
1098 3583 1213 3669 333.),
1251 3588 1452 3645 commovet:

356 3697 501 3762 Senecae
523 3707 631 3764 tamen
660 3703 759 3766 verba
779 3705 843 3785 (ep.
871 3702 960 3785 117.)
990 3723 1053 3763 non
1076 3702 1209 3764 fecerim
1232 3721 1320 3763 mea:
1349 3698 1455 3777 „Ve-

353 3818 462 3882 ritatis
491 3825 714 3901 argumentum
738 3831 788 3883 est
810 3819 941 3901 aliquod
963 3820 1112 3884 omnibus
1134 3822 1256 3898 videri,
1286 3812 1452 3895 tamquam

356 3939 434 4001 deos
457 3934 619 4020 esse“**).
665 3936 717 4003 cf.
738 3936 839 4003 Knuo
868 3938 977 4024 Lugio.
1002 3962 1032 4018 p.
1058 3946 1108 4001 tl.
1135 3938 1209 4000 edit.
1231 3935 1289 3999 lv.
1334 3933 1453 3998 Cicero

425 4156 453 4225 *)
474 4161 588 4211 Pertinet
608 4131 704 4210 mv·
731 4176 754 4209 c.
782 4157 930 4221 schellingii
956 4158 1170 4221 „couternplutio‚
1200 4171 1271 4222 quam
1299 4157 1348 4215 ait,
1375 4142 1454 4203 intel-

356 4247 500 4297 lectualis“
520 4255 546 4298 et
563 4248 641 4296 multa
658 4245 862 4311 pbilosophorum
881 4249 1010 4307 portenta,
1037 4257 1100 4307 quae
1125 4243 1268 4293 recentiore
1294 4249 1405 4306 tempore
1427 4240 1452 4288 in

356 4330 438 4380 luceru
459 4339 517 4380 sunt
534 4330 658 4397 projecta.
902 4332 906 4335 ’

408 4425 450 4497 ”l
468 4431 503 4482 cl.
523 4431 595 4482 Plato
614 4433 645 4481 de
663 4433 716 4494 leg.
731 4429 766 4482 Χ.
784 4459 819 4467 -
838 4427 942 4478 tristor.
965 4428 995 4477 de
1014 4429 1086 4480 coelo
1107 4432 1130 4490 1,
1151 4430 1176 4480 3.
1197 4424 1315 4493 (πάντες
1333 4424 1455 4495 ἄνθρω-
